3192 4967
2635 480 2749 637 Β
2795 513 2874 651 e
2913 479 3020 635 ζ

2672 771 2692 888 1
2747 755 2820 894 a
2867 769 2930 896 7
2999 766 3070 929 ᾳ

2648 1041 2873 1167 Ma
2925 1082 2933 1137 r
2977 1107 3081 1167 „2

1524 1251 1603 1363 1.

503 1490 626 1559 De
675 1490 1072 1582 tempore,
1125 1502 1292 1568 quo
1348 1485 1714 1556 Terentii
1764 1486 2198 1567 Adelphoe
2250 1491 2436 1555 aeta.
2488 1487 2616 1555 eit.

614 1666 1017 1748 Quamquam
1074 1662 1385 1727 Dziatzko
1445 1664 1514 1727 in
1571 1662 1735 1727 Mus.
1790 1660 1994 1726 Rhen.
2054 1662 2344 1747 volsXX
2404 1671 2468 1727 et
2528 1667 2680 1727 XXI

443 1796 665 1842 omnes
733 1775 1150 1858 quaestiones
1221 1772 1306 1837 ad
1378 1771 1769 1865 didascalias
1828 1771 2254 1837 Terentianas
2316 1783 2684 1855 speetautfls

440 1888 541 1951 ita
595 1886 948 1969 illustravit
1001 1890 1063 1965 et
1104 1882 1240 1947 fere
1298 1903 1554 1966 omneS,
1620 1903 1781 1965 quas
1840 1882 2187 1966 praebent,
2265 1883 2684 1947 difficultatee

441 1997 541 2061 ita
597 1996 956 2078 expedivit,
1015 1998 1091 2057 ut
1146 1994 1218 2058 in
1271 1992 1601 2076 plerisque
1657 1990 1851 2078 rebus
1911 1992 2296 2057 sententiam
2356 1995 2492 2055 eius
2540 2015 2684 2075 prn-

446 2103 731 2169 bandam
774 2125 913 2169 esse
957 2102 1236 2186 credam,
1282 2108 1501 2167 tamen
1543 2103 1613 2166 in
1659 2107 1969 2185 tempore,
2014 2122 2144 2184 quo
2176 2102 2508 2187 Adelphoe
2556 2103 2684 2187 pri=

447 2236 625 2279 mum
668 2219 816 2278 acta
858 2213 979 2297 sit,
1041 2211 1413 2295 indagando
1457 2217 1522 2276 et
1567 2211 2015 2277 constituendo
2059 2214 2392 2295 paululum
2440 2235 2684 2275 errasse

446 2322 609 2389 mihi
653 2324 927 2405 videtur,
974 2340 1120 2387 cum
1162 2322 1430 2387 nimiam
1475 2322 1932 2385 auctoritatem
1962 2322 2281 2387 tribueret
2312 2327 2684 2387 testimonio

446 2434 727 2517 Donati,
801 2433 979 2515 quod
1041 2433 1181 2514 ipse
1211 2482 1214 2485 .
1240 2453 1370 2495 non
1441 2431 1568 2497 nisi
1628 2430 2000 2495 dubitanter
2058 2433 2356 2496 attulisse
2408 2435 2684 2495 videtum

448 2542 591 2619 Qua
646 2543 715 2607 in
774 2563 845 2607 re
904 2547 1162 2606 secutus
1220 2545 1320 2605 est
1363 2530 1895 2623 Wilmannsium,
1955 2543 2070 2623 qui
2124 2544 2372 2626 primae
2418 2543 2484 2607 in
2532 2543 2680 2607 diss..

445 2652 570 2736 „de
640 2651 1012 2717 didascaliis
1083 2650 1561 2734 TerentianiS,“
1635 2672 1802 2733 quae
1859 2651 2103 2733 prodiit
2150 2653 2440 2717 Beroliu‘i
2504 2655 2684 2735 13H4,

432 2761 765 2845 Adelphos
810 2783 974 2846 non,
1033 2765 1108 2825 ut
1152 2782 1406 2844 semper
1450 2761 1869 2843 credebatur,
1925 2766 2176 2826 sextam
2219 2762 2380 2827 inter
2424 2763 2680 2827 fabulae

436 2869 886 2953 Terentianas,
933 2871 1046 2968 sed
1093 2872 1441 2935 secundam
1471 2869 1673 2935 fuisse
1703 2872 2043 2936 ostendere
2077 2872 2432 2936 studuerat.
2484 2871 2676 2935 Cuius

436 2963 999 3063 argumentatione¹
1063 2980 1336 3065 probata
1383 2980 1694 3046 Dziatzko
1768 2982 1950 3045 novis
2010 2983 2400 3065 argumentis
2464 2983 2684 3043 allatis

139 3179 143 3182 η
433 3092 822 3156 sententiam
865 3091 1047 3155 illam
1089 3089 1349 3155 firmare
1395 3089 1668 3173 studuit,
1713 3090 1908 3173 idque
1953 3091 2081 3173 ita,
2126 3096 2201 3155 ut
2246 3090 2596 3155 Teuffelius
2620 3095 2676 3167 ⁹²⁴2]

114 3226 147 3273 ·.
435 3205 502 3263 et
548 3198 866 3265 Steffenus
886 3200 986 3286 *ἢ
1033 3205 1099 3264 et
1143 3200 1258 3278 alii
1315 3200 1374 3264 ei
1418 3199 1910 3265 assentirentur.
2000 3200 2211 3277 Quare
2257 3222 2492 3283 operae
2536 3219 2672 3283 pre-

137 3325 153 3336 ²
434 3310 599 3374 tium
658 3330 796 3375 esse
835 3310 1117 3394 credidi,
1175 3309 1372 3391 paulo
1418 3310 1785 3374 accuratius
1828 3310 1898 3373 in
1941 3309 2120 3374 illam
2161 3330 2296 3374 rem
2344 3311 2668 3391 inquirere

433 3424 496 3484 et
554 3427 935 3503 argumenta
989 3420 1072 3486 ab
1132 3420 1263 3485 illis
1307 3419 1463 3483 viris
1523 3419 1728 3483 allata
1771 3420 2157 3490 examinare.
2248 3418 2408 3484 Cum
2456 3427 2672 3483 autem

430 3528 502 3592 in
559 3528 683 3593 hac
741 3532 1121 3612 quaestione
1180 3528 1368 3596 nobis
1428 3527 1970 3610 proficiscendum
2045 3531 2132 3595 sit
2192 3529 2272 3595 ab
2336 3531 2676 3611 adelphon

432 3636 792 3705 didascalia
836 3641 904 3704 in
946 3638 1272 3706 codicibus
1316 3639 1601 3721 tradita,
1648 3660 1819 3722 eam,
1864 3646 1941 3704 ut
1983 3661 2086 3705 res
2131 3638 2384 3704 facilius
2432 3639 2676 3723 perspi*

431 3747 665 3832 ciatur,
710 3769 1056 3834 apponam,
1109 3748 1306 3832 idque
1350 3748 1446 3813 ita
1487 3754 1562 3814 ut
1609 3749 1966 3815 didascalia
2011 3751 2180 3815 sicut
2224 3772 2367 3815 eam
2412 3747 2676 3811 exhibet

430 3856 782 3923 Bembinus
825 3859 1046 3943 allata,
1090 3880 1171 3924 ex
1212 3860 1605 3925 recensionis
1650 3858 2095 3942 Calliopianae
2140 3858 2464 3925 codicibus
2494 3859 2672 3923 Vati—

567 4074 616 4142 *J
652 4037 717 4130 lja
753 4078 878 4133 hist.
913 4076 998 4134 nt.
1035 4077 1196 4133 Rom.
1235 4094 1287 4148 p.
1321 4080 1435 4133 139.

533 4161 610 4228 ⁴³)
646 4162 711 4216 In
767 4163 896 4224 diss.
948 4163 1056 4229 „de
1104 4171 1341 4216 actorum
1399 4164 1453 4216 in
1501 4162 1696 4217 fabulis
1744 4162 2072 4218 Terentianis
2118 4179 2340 4215 numero
2396 4171 2452 4215 et
2504 4159 2680 4215 diatri-

429 4246 696 4307 butioue“
731 4249 788 4305 in
819 4248 970 4306 Actis
1003 4266 1112 4305 soc.
1150 4248 1336 4323 philol.
1373 4248 1516 4324 Lips.
1556 4246 1664 4307 vol.
1700 4248 1758 4305 11
1792 4248 1917 4306 fasc.
1957 4248 1985 4303 I
2020 4265 2075 4321 p.
2115 4249 2277 4392 155ᾖ

1393 4531 1835 4633 251425
