3192 4967
1224 385 1775 486 ,μ’-4*

459 614 691 660 canum
734 592 943 659 solum
989 611 1242 676 sequar,
1289 589 1542 657 omissis
1586 591 1804 675 parvis
1848 590 2303 675 discrepantiis
2348 598 2704 656 ceterorum

461 704 790 788 codicum,
849 704 963 786 qui
1006 700 1177 766 hanc
1220 703 1660 767 recensionem
1701 702 1992 784 perpessi
2037 707 2214 782 sunt,
2272 721 2414 765 cum
2460 700 2702 768 nullius

461 814 773 881 momenti
817 815 950 878 sint
995 812 1079 877 ad
1123 813 1567 894 quaestionem
1611 829 1651 875 a
1695 811 1882 877 nobis
1926 803 2314 876 institutam.

629 926 706 989 In
728 921 1044 990 Bembino
1077 926 1293 986 autem
1323 922 1542 986 codice
1563 921 1904 1005 Adelphon
1933 921 2291 985 didascalia
2326 920 2419 984 sic
2459 919 2706 1003 scripta

370 1075 379 1084 ·
463 1039 680 1099 exstat
699 1062 711 1097 :

461 1185 576 1226 INCI
583 1184 670 1225 PIT
829 1181 1069 1225 TERENTI
1300 1181 1586 1224 ADELPKOS

464 1252 682 1295 GRAECA
829 1249 1136 1293 MENANDRV
1400 1248 1543 1291 ACTA
1872 1250 2034 1292 LVDIS
2289 1247 2597 1290 FVNERALIB

461 1321 622 1363 LVCIO
829 1319 1061 1360 AEMILIO
1400 1316 1577 1359 PAVLO
1875 1317 2060 1359 MODOS
2259 1323 2262 1326 '
2293 1315 2504 1358 FECERE

461 1389 655 1431 LVCIVS
828 1385 1023 1428 FABIVS
1401 1385 1519 1426 MAX
1525 1384 1668 1426 VMVS
1876 1386 1910 1426 P
2291 1383 2597 1427 CORNELIVS

461 1455 769 1499 AFRICANVS
824 1453 1010 1494 EGERE
1400 1453 1596 1495 LVOIVS
1876 1453 2135 1495 KATILIVS
2290 1453 2432 1495 PRAE
2438 1450 2668 1493 NESTINV
2676 1451 2704 1491 S

464 1522 660 1565 LVCIVS
827 1520 1091 1564 AIBIBIVS
1400 1520 1600 1562 TVRPIO
1877 1521 2063 1564 MODOS
2289 1520 2450 1562 FECIT

464 1589 704 1633 FLACCVS
830 1588 1029 1630 CLAVDI
1079 1589 1226 1630 TIBIS
1404 1588 1677 1630 SERRANIS
1879 1588 2022 1631 TOTA
2294 1588 2465 1630 FACVA
2503 1588 2560 1630 VI

465 1658 654 1701 MARCO
833 1656 1106 1698 CORNELIO
1303 1655 1555 1697 CETKEGO
1779 1655 1941 1697 LVCIO
2119 1656 2295 1697 GALLO
2365 1654 2465 1697 COS

635 1792 940 1858 Dubitari
1002 1814 1134 1857 non
1193 1771 1444 1875 potest,
1504 1792 1664 1874 quin
1721 1793 1791 1856 in
1834 1792 2022 1856 tertio
2066 1812 2254 1855 versu
2299 1789 2591 1856 MODOS
2633 1791 2706 1856 li-

463 1903 665 1969 brarii
709 1924 927 1968 errore
972 1924 1051 1966 ex
1096 1900 1313 1980 QVOS
1360 1907 1596 1985 ortum,
1642 1902 1709 1965 in
1741 1907 1976 1983 quarto
2008 1907 2218 1965 autem
2250 1920 2368 1984 pro
2403 1898 2705 1964 LVCIVS

464 2014 564 2078 vel
608 2009 982 2091 QVINTUS
1028 2011 1129 2076 vel
1174 2011 1228 2089 Q
1269 2010 1611 2095 legendum
1657 2012 1755 2075 sitss

719 2121 1077 2186 Vaticanus
1123 2121 1326 2186 codex
1369 2120 1641 2185 eandem
1687 2118 2109 2186 didascaliam
2153 2119 2247 2183 sic
2291 2118 2584 2184 exhibet:

1686 2228 1927 2312 Incipit
1969 2212 2305 2312 Adelphoe

722 2346 872 2405 acta
912 2340 1083 2406 ludis
1127 2337 1507 2404 funebribus
1552 2360 1715 2421 quos
1759 2338 1969 2404 fecere

722 2450 793 2527 Q.
838 2449 1081 2514 Fabius
1125 2449 1446 2514 Maximus
1489 2448 1559 2512 P.
1608 2446 1945 2513 Cornelius
1989 2447 2335 2512 Africanus

722 2558 956 2624 Aemili
999 2558 1188 2621 Pauli
1234 2579 1421 2642 egere
1464 2558 1536 2622 L.
1581 2557 1823 2622 Atilius
1861 2553 2328 2623 'Praenestinus

724 2669 1042 2734 Minutius
1084 2666 1475 2751 Prothymus
1519 2668 1744 2758 modos
1787 2666 1942 2731 fecit
2387 2655 2400 2664 ⁸

724 2777 994 2841 Flaccus
1041 2777 1267 2842 Claudi
1312 2776 1488 2842 tibiis
1533 2777 1833 2843 Sarranis
1876 2775 2053 2841 facta

726 2885 975 2951 Graeca
1019 2887 1361 2952 Menandri
1402 2887 1631 2953 Anicio

727 2996 809 3059 Μ’
855 2995 1154 3061 Cornelio
1198 3017 1370 3062 cons,

646 3106 806 3171 Cum
849 3103 919 3171 in
964 3107 1337 3172 didascaliis
1382 3106 1469 3173 ad
1512 3112 1763 3171 ceteras
1807 3106 2064 3172 fabulas
2094 3104 2539 3191 spectantibus
2579 3104 2714 3169 fere

474 3237 729 3300 semper
772 3218 839 3281 in
883 3199 1197 3282 Bembino
1244 3217 1461 3281 codice
1505 3216 1639 3281 alia
1682 3218 1851 3282 actio
1912 3219 2110 3300 atque
2152 3217 2222 3281 in
2265 3217 2499 3281 ceteris
2544 3216 2715 3279 codi-

475 3326 655 3392 cibus
700 3328 1188 3391 commemorari
1236 3327 1429 3407 solet,
1489 3327 1558 3391 in
1616 3326 1740 3392 hac
1793 3327 1890 3392 illi
1933 3328 2185 3393 codices
2231 3327 2391 3394 mire
2433 3325 2605 3389 inter
2648 3344 2715 3388 se

476 3435 915 3520 consentiunt,
969 3420 1118 3501 'nisi
1187 3436 1363 3519 quod
1434 3438 1504 3501 in
1576 3442 1869 3501 actorum
1932 3436 2299 3502 nominibus
2361 3434 2716 3499 Vaticanus

478 3547 879 3630 „Minucium
937 3545 1402 3630 Prothymum“
1461 3567 1579 3628 pro
1652 3546 1853 3611 Lucio
1906 3544 2202 3610 Ambivio
2255 3544 2553 3610 Bembini
2612 3564 2714 3608 ex-

2187 2967 2216 2996 O

476 3656 672 3720 hibet.
760 3654 926 3719 Nam
969 3655 1036 3718 in
1080 3654 1418 3719 consulum
1460 3655 1860 3740 nominibus,
1906 3654 2081 3737 quod
2124 3654 2480 3720 Vaticanus
2525 3653 2718 3740 „Ani-
2788 3697 2792 3702 «

478 3765 692 3831 cium“
741 3784 860 3846 pro
919 3763 1119 3830 Lucio
1181 3757 1367 3831 Gallo
1426 3764 1728 3830 Bembini
1800 3764 2104 3850 praebet,
2172 3765 2443 3831 alterius
2508 3773 2720 3840 autem

483 3874 768 3941 consulis
829 3893 1183 3956 cognomen
1243 3875 1517 3959 omittit,
1583 3876 1653 3940 id
1719 3874 2042 3957 offendere
2099 3898 2230 3942 non
2282 3877 2506 3957 debet,
2572 3893 2718 3940 cum

480 3985 859 4069 saepissime
900 3984 969 4047 in
1016 3983 1384 4050 didascaliis
1427 3986 1742 4052 eiusmodi
1783 3988 1853 4051 in
1897 3985 2263 4051 nominibus
2306 3985 2720 4068 neglegentia

480 4095 876 4176 inveniatur,
932 4097 1007 4156 ut
1049 4093 1151 4156 vel
1193 4081 1429 4160 nomen
1473 4094 1574 4159 vel
1619 4116 2014 4179 praenomen
2058 4095 2160 4159 vel
2204 4116 2558 4179 cognomen
2603 4093 2717 4159 ali'-

483 4204 657 4289 quod
701 4202 1057 4270 omittatur.
1147 4202 1411 4271 Codices
1453 4204 1658 4288 igitur
1699 4205 1768 4270 in
1811 4224 1885 4269 eo
1931 4206 2374 4296 consentiunt,
2430 4199 2506 4272 ut
2547 4204 2721 4271 ludis
