3192 4967
1415 468 1793 531 -9-

499 631 917 702 ORATORIS
1019 636 1262 704 VRBIS
1357 637 1658 704 ROMAE
1752 626 2230 703 COMMENTV
2331 635 2739 704 TERENTII

494 745 876 811 ANDRIAE
903 742 1319 814 EXPLICIT.
1351 749 1399 814 Ι.
1431 747 1746 814 INCIPIT
1781 739 2221 813 SECVNDVS
2261 738 2737 816 ADELFORV.

494 855 969 922 FELICITER.
1061 858 1136 923 In
1178 858 1303 923 hoc
1347 859 1544 942 igitur
1586 858 1805 923 codice
1849 856 2193 942 Adelphon
2235 858 2738 924 commentarius

493 967 623 1032 iam
667 969 1016 1033 seeundum
1062 969 1276 1034 locum
1321 967 1618 1035 obtinuit.
1693 969 2039 1032 Praeterea
2082 974 2299 1032 autem
2340 968 2523 1033 illum
2567 967 2736 1034 ordi-

493 1096 640 1141 nem
656 1126 674 1158 ,
736 1097 928 1161 quem
969 1078 1282 1163 praebent
1323 1078 1736 1144 Victorianus
1795 1084 1857 1144 et
1899 1080 2293 1146 Decurtatus
2313 1129 2332 1162 ‚
2393 1079 2524 1144 iam
2568 1081 2735 1145 anti-

497 1187 718 1269 quitus
762 1188 1113 1272 exstitisse,
1174 1212 1253 1254 ex
1311 1210 1386 1253 eo
1430 1190 1726 1254 concludi
1767 1189 2014 1273 potest,
2075 1187 2250 1272 quod
2307 1189 2378 1253 in
2421 1188 2732 1256 Bembino

495 1296 712 1361 codice
754 1304 821 1362 et
862 1300 1070 1365 exitus
1115 1300 1817 1364 Hautontimorumenu
1877 1307 1940 1366 et
1993 1304 2137 1364 tota
2178 1300 2430 1383 Hecyra
2473 1299 2735 1366 scholiis

493 1407 838 1474 destitutae
895 1416 1066 1474 sunt.
1153 1408 1329 1473 Haec
1390 1410 1591 1492 igitur
1655 1409 1903 1474 scholia
1962 1429 2041 1472 ex
2102 1409 2447 1495 archetypo
2509 1410 2730 1493 aliquo

495 1516 825 1602 descripta
867 1538 1007 1583 esse
1049 1518 1383 1603 videntur,
1441 1519 1555 1602 qui
1615 1518 1869 1584 fabulas
1927 1520 2042 1585 illo
2103 1520 2330 1585 ordine
2386 1519 2738 1584 collocatas

496 1623 822 1693 continuit
875 1634 941 1694 et
985 1629 1052 1693 in
1098 1628 1226 1694 fine
1267 1635 1606 1695 truncatus
1649 1635 1807 1693 erat.
1856 1667 1935 1678 —
1980 1628 2107 1695 Sed
2150 1650 2503 1712 quamnam
2547 1630 2739 1696 ratio-

497 1758 645 1802 nem
688 1737 758 1802 in
802 1737 1042 1804 fabulis
1088 1739 1467 1805 ordinandis
1514 1738 1876 1806 adhibitam
1920 1758 2060 1805 esse
2103 1740 2489 1805 credamus?
2548 1738 2735 1822 Nam,

495 1847 686 1913 etiam
741 1849 796 1913 si
840 1847 1182 1933 Adelphon
1240 1850 1559 1915 rationem
1615 1872 1747 1915 non
1800 1848 2147 1933 habemus,
2210 1871 2342 1914 non
2386 1870 2462 1913 eo
2509 1850 2737 1915 ordine
2789 1883 2800 1892 κ

494 1959 846 2024 collocatae
889 1966 1062 2042 sunt,
1109 1980 1237 2043 quo
1283 1966 1466 2024 actae
1496 1957 1636 2026 esse
1659 1960 1981 2025 videntur.
2070 1957 2249 2025 Nihil
2281 1961 2485 2042 igitur
2508 1964 2737 2044 restat,

358 2129 367 2138 ,
491 2068 622 2133 nisi
664 2074 736 2133 ut
777 2089 853 2134 eo
900 2069 1126 2134 ordine
1186 2069 1441 2135 fabulas
1503 2070 1857 2152 dispositas
1901 2091 2040 2135 esse
2085 2074 2482 2153 statuamus»,
2545 2091 2737 2154 quem

482 2179 693 2243 ‘etiam
752 2178 821 2242 in
878 2178 1120 2245 fabulis
1177 2179 1502 2245 Plautinis
1558 2181 1955 2265 invenimus,
2014 2201 2246 2263 nempe
2302 2180 2740 2263 alphabetico.

498 2287 658 2352 Cum
719 2290 890 2353 enim
951 2295 1170 2354 cetera
1225 2291 1444 2357 omnia
1503 2311 1649 2354 cum
1705 2289 1829 2354 hoc
1886 2290 2109 2356 ordine
2181 2289 2604 2372 conveniant,
2666 2292 2737 2355 in

494 2398 632 2463 sola
686 2397 1098 2464 Phormionis
1170 2399 1598 2466 collocatione
1674 2398 1999 2465 offendere
2066 2399 2295 2483 possis.
2400 2398 2526 2465 Sed
2592 2421 2738 2464 cum

495 2507 675 2573 nullo
721 2508 852 2574 alio
912 2509 1105 2574 modo
1165 2509 1276 2573 ille
1322 2510 1480 2575 ordo
1526 2509 1837 2594 explicari
1881 2511 2125 2593 possit,
2187 2530 2332 2574 cum
2390 2510 2461 2573 in
2504 2510 2737 2575 ceteris

494 2617 731 2685 fabulis
777 2617 1232 2702 alphabeticus
1279 2640 1418 2684 esse
1460 2619 1779 2704 videatur,
1824 2621 1995 2685 ratio
2040 2625 2258 2684 autem
2295 2617 2519 2702 aliqua
2558 2620 2626 2685 in
2656 2641 2731 2686 eo

495 2729 707 2793 inesse
765 2729 1030 2811 debeat,
1091 2728 1214 2794 hoc
1273 2729 1408 2793 solo
1466 2729 1659 2793 modo
1703 2730 1885 2796 illam
1946 2722 2397 2794 difficultatem
2442 2729 2733 2813 expediri

495 2859 683 2922 posse
744 2838 971 2920 credo,
1052 2846 1125 2905 ut
1185 2861 1364 2923 eum,
1444 2841 1558 2923 qui
1631 2839 1886 2904 fabulas
1951 2839 2066 2904 illo
2131 2840 2324 2904 modo
2391 2839 2735 2923 disposuit,

493 2949 838 3031 „Formio“
881 2971 1000 3033 pro
1044 2947 1437 3032 ,‚Phormio“
1480 2950 1802 3014 invenisse
1845 2951 1946 3015 vel
1990 2950 2323 3033 scripsisse
2357 2955 2734 3015 statuamus.

492 3057 664 3124 Nam
717 3079 913 3141 quam
971 3078 1165 3141 saepe
1222 3058 1337 3123 PH
1395 3065 1461 3125 et
1517 3060 1570 3124 F
1627 3059 1891 3125 litterae
1948 3060 2016 3124 in
2086 3058 2415 3125 codicibus
2490 3060 2733 3124 nostris

497 3166 670 3229 inter
713 3187 780 3230 se
810 3173 1242 3234 commutatae
1286 3169 1439 3252 sint,
1483 3175 1710 3235 notum
1756 3175 1875 3254 est,
1920 3190 2124 3252 quare
2152 3170 2323 3233 hanc
2366 3189 2504 3234 rem
2538 3167 2734 3234 offen-

497 3274 743 3340 sionem
785 3274 1026 3341 habere
1069 3298 1201 3341 non
1244 3281 1451 3346 cred0.
2647 3259 2657 3267 η

662 3384 789 3452 Sed
833 3387 964 3451 alia
1009 3390 1302 3471 quaestio
1349 3391 1574 3454 oritur.
1664 3389 1797 3454 Aut
1841 3389 2009 3454 enim
2056 3391 2331 3480 cogitari
2359 3394 2578 3473 potest
2604 3391 2735 3456 iam

495 3495 730 3562 Donati
804 3498 1206 3582 temporibus
1283 3499 1539 3564 fabulas
1610 3501 1723 3566 illo
1782 3500 2010 3564 ordine
2071 3500 2482 3584 alphabetico
2543 3500 2736 3567 collo-

493 3612 667 3671 catas
728 3606 927 3673 fuisse
987 3615 1103 3673 aut
1179 3609 1303 3675 hoc
1360 3610 1429 3674 in
1489 3609 1817 3675 codicibus
1874 3610 2116 3676 nostris
2180 3611 2435 3675 demum
2491 3610 2736 3676 factum

490 3736 648 3781 esse.
728 3714 841 3781 Sin
886 3724 1104 3784 autem
1154 3721 1283 3784 iam
1305 3720 1630 3785 Donatum
1673 3719 1930 3786 fabulas
1975 3721 2098 3787 hoc
2129 3721 2356 3785 ordine
2385 3720 2735 3805 dispositas

487 3826 829 3912 invenisse,
876 3829 1132 3894 ostendi
1176 3834 1415 3914 potest,
1462 3834 1607 3893 tota
1648 3832 1840 3913 rati0,
1888 3851 2084 3912 quam
2127 3831 2194 3894 in
2230 3830 2516 3895 numeris
2555 3830 2735 3894 fabu-

488 3935 704 4002 larum
761 3937 1154 4020 indagandis
1229 3939 1605 4005 adhibuisse
1664 3940 1952 4024 videtur,
2024 3941 2097 4004 in
2161 3945 2388 4023 aperto
2460 3946 2572 4005 est.
2658 3942 2735 4006 In

488 4047 720 4111 ceteris
766 4048 935 4111 enim
981 4046 1243 4132 fabulis,
1300 4049 1399 4114 uti
1427 4048 1572 4113 'iam
1618 4050 2272 4133 commemoravimuS,
2328 4048 2579 4113 numeri
2623 4050 2738 4133 qui

488 4155 726 4222 Donati
767 4156 1286 4238 praefationibus
1329 4157 1700 4243 traduntur,
1746 4157 2185 4241 consentiunt,
2230 4179 2373 4224 cum
2418 4162 2731 4242 tempore,

488 4284 619 4346 quo
676 4286 1068 4348 unaquaque
1122 4266 1349 4331 fabula
1389 4273 1542 4333 acta
1584 4274 1701 4334 est.
1788 4266 1956 4331 Nam
1999 4268 2283 4352 Hecyra,
2342 4287 2734 4350 quamquam
