<?xml version="1.0" encoding="UTF-8"?>
<!DOCTYPE html PUBLIC "-//W3C//DTD XHTML 1.0 Transitional//EN"
    "http://www.w3.org/TR/xhtml1/DTD/xhtml1-transitional.dtd">
<html xmlns="http://www.w3.org/1999/xhtml" xml:lang="en" lang="en">
 <head>
  <title>
</title>
<meta http-equiv="Content-Type" content="text/html;charset=utf-8" />
  <meta name='ocr-system' content='tesseract 3.04.00' />
  <meta name='ocr-capabilities' content='ocr_page ocr_carea ocr_par ocr_line ocrx_word'/>
</head>
<body>
  <div class='ocr_page' id='page_1' title='image "./quaestionestere00bossgoog_0011.png"; bbox 0 0 3192 4967; ppageno 0'>
   <div class='ocr_carea' id='block_1_1' title="bbox 1479 465 1857 528">
    <p class='ocr_par' dir='ltr' id='par_1_1' title="bbox 1479 465 1857 528">
     <span class='ocr_line' id='line_1_1' title="bbox 1479 465 1857 528; baseline -0.003 -15"><span class='ocrx_word' id='word_1_1' title='bbox 1479 465 1857 528; x_wconf 78' lang='grc'>...7-</span> 
     </span>
    </p>
   </div>
   <div class='ocr_carea' id='block_1_2' title="bbox 546 633 2792 940">
    <p class='ocr_par' dir='ltr' id='par_1_2' title="bbox 546 633 2792 940">
     <span class='ocr_line' id='line_1_2' title="bbox 547 633 2792 721; baseline 0.001 -23"><span class='ocrx_word' id='word_1_2' title='bbox 547 633 625 698; x_wconf 88' lang='lat' dir='ltr'><strong>In</strong></span> <span class='ocrx_word' id='word_1_3' title='bbox 671 633 1077 718; x_wconf 78' lang='lat' dir='ltr'><strong>praefatione</strong></span> <span class='ocrx_word' id='word_1_4' title='bbox 1123 636 1295 704; x_wconf 91' lang='lat' dir='ltr'><strong>enim</strong></span> <span class='ocrx_word' id='word_1_5' title='bbox 1339 635 1423 700; x_wconf 80' lang='lat' dir='ltr'><strong>ad</strong></span> <span class='ocrx_word' id='word_1_6' title='bbox 1465 635 1819 721; x_wconf 84' lang='lat' dir='ltr'><strong>Hecyram,</strong></span> <span class='ocrx_word' id='word_1_7' title='bbox 1880 656 2013 718; x_wconf 89' lang='lat' dir='ltr'><strong>qua</strong></span> <span class='ocrx_word' id='word_1_8' title='bbox 2065 637 2135 700; x_wconf 90' lang='lat' dir='ltr'><strong>in</strong></span> <span class='ocrx_word' id='word_1_9' title='bbox 2180 635 2405 703; x_wconf 84' lang='lat' dir='ltr'><strong>fabula</strong></span> <span class='ocrx_word' id='word_1_10' title='bbox 2448 634 2792 702; x_wconf 84' lang='lat' dir='ltr'><strong>Menandri</strong></span> 
     </span>
     <span class='ocr_line' id='line_1_3' title="bbox 547 743 2791 828; baseline 0.001 -19"><span class='ocrx_word' id='word_1_11' title='bbox 547 743 915 828; x_wconf 87' lang='lat' dir='ltr'><strong>exemplum</strong></span> <span class='ocrx_word' id='word_1_12' title='bbox 959 744 1331 814; x_wconf 87' lang='lat' dir='ltr'><strong>Terentium</strong></span> <span class='ocrx_word' id='word_1_13' title='bbox 1397 752 1691 812; x_wconf 89' lang='lat' dir='ltr'><strong>secutum</strong></span> <span class='ocrx_word' id='word_1_14' title='bbox 1733 766 1875 811; x_wconf 90' lang='lat' dir='ltr'><strong>esse</strong></span> <span class='ocrx_word' id='word_1_15' title='bbox 1919 745 2314 811; x_wconf 81' lang='lat' dir='ltr'><strong>didascaliae</strong></span> <span class='ocrx_word' id='word_1_16' title='bbox 2351 751 2613 828; x_wconf 83' lang='lat' dir='ltr'><strong>nostrae</strong></span> <span class='ocrx_word' id='word_1_17' title='bbox 2659 750 2791 813; x_wconf 88' lang='lat' dir='ltr'><strong>tra-</strong></span> 
     </span>
     <span class='ocr_line' id='line_1_4' title="bbox 546 854 2789 940; baseline 0.001 -23"><span class='ocrx_word' id='word_1_18' title='bbox 546 854 737 937; x_wconf 90' lang='lat' dir='ltr'><strong>dunt,</strong></span> <span class='ocrx_word' id='word_1_19' title='bbox 795 855 1117 921; x_wconf 81' lang='lat' dir='ltr'><strong>Donatus:</strong></span> <span class='ocrx_word' id='word_1_20' title='bbox 1179 856 1384 940; x_wconf 81' lang='lat' dir='ltr'><strong>„haec</strong></span> <span class='ocrx_word' id='word_1_21' title='bbox 1427 854 1691 940; x_wconf 87' lang='lat' dir='ltr'><strong>fabula,</strong></span> <span class='ocrx_word' id='word_1_22' title='bbox 1751 855 1970 938; x_wconf 90' lang='lat' dir='ltr'><strong>inquit</strong></span> <span class='ocrx_word' id='word_1_23' title='bbox 1984 906 2003 940; x_wconf 91' lang='lat'><em>‚</em></span> <span class='ocrx_word' id='word_1_24' title='bbox 2062 854 2445 939; x_wconf 89' lang='lat' dir='ltr'>Apollodori</span> <span class='ocrx_word' id='word_1_25' title='bbox 2488 876 2628 920; x_wconf 88' lang='lat' dir='ltr'><strong>esse</strong></span> <span class='ocrx_word' id='word_1_26' title='bbox 2672 855 2789 919; x_wconf 92' lang='lat' dir='ltr'><strong>di-</strong></span> 
     </span>
    </p>
   </div>
   <div class='ocr_carea' id='block_1_3' title="bbox 530 961 2790 1178">
    <p class='ocr_par' dir='ltr' id='par_1_3' title="bbox 530 961 2790 1178">
     <span class='ocr_line' id='line_1_5' title="bbox 536 961 2789 1049; baseline 0.001 -21"><span class='ocrx_word' id='word_1_27' title='bbox 536 961 795 1048; x_wconf 80' lang='lat' dir='ltr'><strong>citur,</strong></span> <span class='ocrx_word' id='word_1_28' title='bbox 842 964 1111 1048; x_wconf 85' lang='lat' dir='ltr'><strong>Graeca,</strong></span> <span class='ocrx_word' id='word_1_29' title='bbox 1156 987 1309 1030; x_wconf 89' lang='lat' dir='ltr'><strong>nam</strong></span> <span class='ocrx_word' id='word_1_30' title='bbox 1351 970 1418 1030; x_wconf 91' lang='lat' dir='ltr'><strong>et</strong></span> <span class='ocrx_word' id='word_1_31' title='bbox 1461 965 1607 1049; x_wconf 88' lang='lat' dir='ltr'><strong>ipsa</strong></span> <span class='ocrx_word' id='word_1_32' title='bbox 1650 971 1717 1030; x_wconf 90' lang='lat' dir='ltr'><strong>et</strong></span> <span class='ocrx_word' id='word_1_33' title='bbox 1759 965 2061 1032; x_wconf 88' lang='lat' dir='ltr'>Phormio</span> <span class='ocrx_word' id='word_1_34' title='bbox 2108 967 2191 1032; x_wconf 89' lang='lat' dir='ltr'><strong>ab</strong></span> <span class='ocrx_word' id='word_1_35' title='bbox 2238 966 2465 1030; x_wconf 91' lang='lat' dir='ltr'><strong>eodem</strong></span> <span class='ocrx_word' id='word_1_36' title='bbox 2508 965 2789 1031; x_wconf 90' lang='lat' dir='ltr'><strong>dicun-</strong></span> 
     </span>
     <span class='ocr_line' id='line_1_6' title="bbox 530 1075 2790 1178; baseline 0.001 -40"><span class='ocrx_word' id='word_1_37' title='bbox 530 1079 683 1139; x_wconf 80' lang='lat' dir='ltr'><strong>-tur</strong></span> <span class='ocrx_word' id='word_1_38' title='bbox 740 1075 1165 1152; x_wconf 43' lang='lat' dir='ltr'><strong>translatae&amp;</strong></span> <span class='ocrx_word' id='word_1_39' title='bbox 1247 1076 1595 1140; x_wconf 89' lang='lat' dir='ltr'><strong>Praeterea</strong></span> <span class='ocrx_word' id='word_1_40' title='bbox 1637 1077 1705 1140; x_wconf 90' lang='lat' dir='ltr'><strong>in</strong></span> <span class='ocrx_word' id='word_1_41' title='bbox 1762 1096 1840 1139; x_wconf 89' lang='lat' dir='ltr'><strong>ea</strong></span> <span class='ocrx_word' id='word_1_42' title='bbox 1882 1075 2048 1141; x_wconf 84' lang='lat' dir='ltr'><strong>vitae</strong></span> <span class='ocrx_word' id='word_1_43' title='bbox 2093 1075 2524 1139; x_wconf 81' lang='lat' dir='ltr'><strong>Terentianae</strong></span> <span class='ocrx_word' id='word_1_44' title='bbox 2579 1081 2790 1178; x_wconf 80' lang='lat' dir='ltr'><strong>parte,</strong></span> 
     </span>
    </p>
   </div>
   <div class='ocr_carea' id='block_1_4' title="bbox 539 1181 2842 4240">
    <p class='ocr_par' dir='ltr' id='par_1_4' title="bbox 542 1181 2842 2038">
     <span class='ocr_line' id='line_1_7' title="bbox 544 1181 2790 1267; baseline 0.001 -20"><span class='ocrx_word' id='word_1_45' title='bbox 544 1206 744 1267; x_wconf 87' lang='lat' dir='ltr'><strong>quam</strong></span> <span class='ocrx_word' id='word_1_46' title='bbox 787 1184 1084 1251; x_wconf 76' lang='lat' dir='ltr'><strong>Donatus</strong></span> <span class='ocrx_word' id='word_1_47' title='bbox 1126 1185 1565 1252; x_wconf 88' lang='lat' dir='ltr'><strong>Suetonianae</strong></span> <span class='ocrx_word' id='word_1_48' title='bbox 1608 1185 1937 1250; x_wconf 82' lang='lat' dir='ltr'><strong>addidisse</strong></span> <span class='ocrx_word' id='word_1_49' title='bbox 1981 1185 2253 1265; x_wconf 84' lang='lat' dir='ltr'><strong>videtur,</strong></span> <span class='ocrx_word' id='word_1_50' title='bbox 2297 1184 2459 1252; x_wconf 89' lang='lat' dir='ltr'><strong>haec</strong></span> <span class='ocrx_word' id='word_1_51' title='bbox 2502 1181 2641 1249; x_wconf 84' lang='lat' dir='ltr'><strong>eius</strong></span> <span class='ocrx_word' id='word_1_52' title='bbox 2686 1206 2790 1250; x_wconf 82' lang='lat' dir='ltr'><strong>ex-</strong></span> 
     </span>
     <span class='ocr_line' id='line_1_8' title="bbox 545 1294 2789 1380; baseline -0 -20"><span class='ocrx_word' id='word_1_53' title='bbox 545 1299 725 1360; x_wconf 87' lang='lat' dir='ltr'><strong>stant</strong></span> <span class='ocrx_word' id='word_1_54' title='bbox 767 1294 996 1359; x_wconf 82' lang='lat' dir='ltr'><strong>verba:</strong></span> <span class='ocrx_word' id='word_1_55' title='bbox 1055 1294 1267 1377; x_wconf 89' lang='lat' dir='ltr'><strong>„duae</strong></span> <span class='ocrx_word' id='word_1_56' title='bbox 1312 1296 1394 1361; x_wconf 90' lang='lat' dir='ltr'><strong>ab</strong></span> <span class='ocrx_word' id='word_1_57' title='bbox 1439 1295 1838 1380; x_wconf 85' lang='lat' dir='ltr'><strong>Apollodoro</strong></span> <span class='ocrx_word' id='word_1_58' title='bbox 1886 1316 2024 1360; x_wconf 91' lang='lat' dir='ltr'><strong>esse</strong></span> <span class='ocrx_word' id='word_1_59' title='bbox 2085 1294 2483 1359; x_wconf 88' lang='lat' dir='ltr'><strong>dicuntur</strong></span> <span class='ocrx_word' id='word_1_60' title='bbox 2527 1296 2789 1379; x_wconf 77' lang='lat' dir='ltr'><strong>comi00‚</strong></span> 
     </span>
     <span class='ocr_line' id='line_1_9' title="bbox 544 1403 2792 1489; baseline 0 -22"><span class='ocrx_word' id='word_1_61' title='bbox 544 1403 848 1471; x_wconf 91' lang='lat' dir='ltr'><strong>Phormio</strong></span> <span class='ocrx_word' id='word_1_62' title='bbox 909 1410 976 1470; x_wconf 92' lang='lat' dir='ltr'><strong>et</strong></span> <span class='ocrx_word' id='word_1_63' title='bbox 1033 1405 1352 1489; x_wconf 81' lang='lat' dir='ltr'><strong>Hecyra“.</strong></span> <span class='ocrx_word' id='word_1_64' title='bbox 1432 1404 1509 1470; x_wconf 92' lang='lat' dir='ltr'><strong>In</strong></span> <span class='ocrx_word' id='word_1_65' title='bbox 1569 1403 1797 1469; x_wconf 86' lang='lat' dir='ltr'><strong>eadem</strong></span> <span class='ocrx_word' id='word_1_66' title='bbox 1857 1405 2058 1488; x_wconf 86' lang='lat' dir='ltr'><strong>igitur</strong></span> <span class='ocrx_word' id='word_1_67' title='bbox 2117 1403 2375 1485; x_wconf 85' lang='lat' dir='ltr'><strong>fabula,</strong></span> <span class='ocrx_word' id='word_1_68' title='bbox 2434 1405 2503 1469; x_wconf 90' lang='lat' dir='ltr'><strong>in</strong></span> <span class='ocrx_word' id='word_1_69' title='bbox 2566 1404 2792 1469; x_wconf 88' lang='lat' dir='ltr'><strong>eadem</strong></span> 
     </span>
     <span class='ocr_line' id='line_1_10' title="bbox 546 1513 2791 1600; baseline 0 -23"><span class='ocrx_word' id='word_1_70' title='bbox 546 1515 926 1596; x_wconf 82' lang='lat' dir='ltr'><strong>quaestione</strong></span> <span class='ocrx_word' id='word_1_71' title='bbox 973 1514 1157 1579; x_wconf 89' lang='lat' dir='ltr'><strong>addit</strong></span> <span class='ocrx_word' id='word_1_72' title='bbox 1199 1513 1366 1580; x_wconf 91' lang='lat' dir='ltr'><strong>illud</strong></span> <span class='ocrx_word' id='word_1_73' title='bbox 1408 1515 1760 1600; x_wconf 86' lang='lat' dir='ltr'><strong>„dicitur“,</strong></span> <span class='ocrx_word' id='word_1_74' title='bbox 1819 1515 1915 1582; x_wconf 90' lang='lat' dir='ltr'><strong>ita</strong></span> <span class='ocrx_word' id='word_1_75' title='bbox 1964 1520 2040 1578; x_wconf 93' lang='lat' dir='ltr'><strong>ut</strong></span> <span class='ocrx_word' id='word_1_76' title='bbox 2084 1535 2230 1578; x_wconf 91' lang='lat' dir='ltr'><strong>eum</strong></span> <span class='ocrx_word' id='word_1_77' title='bbox 2269 1516 2482 1598; x_wconf 88' lang='lat' dir='ltr'><strong>ipsum</strong></span> <span class='ocrx_word' id='word_1_78' title='bbox 2526 1513 2606 1578; x_wconf 90' lang='lat' dir='ltr'><strong>de</strong></span> <span class='ocrx_word' id='word_1_79' title='bbox 2651 1532 2791 1578; x_wconf 92' lang='lat' dir='ltr'><strong>sen-</strong></span> 
     </span>
     <span class='ocr_line' id='line_1_11' title="bbox 545 1623 2793 1709; baseline -0.001 -20"><span class='ocrx_word' id='word_1_80' title='bbox 545 1624 757 1689; x_wconf 88' lang='lat' dir='ltr'><strong>tentia</strong></span> <span class='ocrx_word' id='word_1_81' title='bbox 817 1623 1024 1689; x_wconf 86' lang='lat' dir='ltr'><strong>allata</strong></span> <span class='ocrx_word' id='word_1_82' title='bbox 1083 1625 1450 1709; x_wconf 86' lang='lat' dir='ltr'><strong>dubitasse,</strong></span> <span class='ocrx_word' id='word_1_83' title='bbox 1510 1629 1686 1689; x_wconf 90' lang='lat' dir='ltr'><strong>certe</strong></span> <span class='ocrx_word' id='word_1_84' title='bbox 1747 1645 1889 1689; x_wconf 90' lang='lat' dir='ltr'><strong>eam</strong></span> <span class='ocrx_word' id='word_1_85' title='bbox 1946 1646 2081 1689; x_wconf 90' lang='lat' dir='ltr'><strong>non</strong></span> <span class='ocrx_word' id='word_1_86' title='bbox 2136 1645 2257 1708; x_wconf 92' lang='lat' dir='ltr'><strong>pro</strong></span> <span class='ocrx_word' id='word_1_87' title='bbox 2312 1623 2478 1688; x_wconf 89' lang='lat' dir='ltr'><strong>satis</strong></span> <span class='ocrx_word' id='word_1_88' title='bbox 2532 1623 2793 1688; x_wconf 89' lang='lat' dir='ltr'><strong>firmata</strong></span> 
     </span>
     <span class='ocr_line' id='line_1_12' title="bbox 542 1733 2789 1822; baseline 0 -24"><span class='ocrx_word' id='word_1_89' title='bbox 542 1733 869 1818; x_wconf 85' lang='lat' dir='ltr'><strong>habuisse,</strong></span> <span class='ocrx_word' id='word_1_90' title='bbox 913 1755 1034 1818; x_wconf 91' lang='lat' dir='ltr'><strong>pro</strong></span> <span class='ocrx_word' id='word_1_91' title='bbox 1081 1740 1252 1802; x_wconf 89' lang='lat' dir='ltr'><strong>certo</strong></span> <span class='ocrx_word' id='word_1_92' title='bbox 1299 1734 1427 1798; x_wconf 90' lang='lat' dir='ltr'><strong>dici</strong></span> <span class='ocrx_word' id='word_1_93' title='bbox 1472 1735 1696 1816; x_wconf 89' lang='lat' dir='ltr'><strong>possit.</strong></span> <span class='ocrx_word' id='word_1_94' title='bbox 1787 1734 2033 1799; x_wconf 90' lang='lat' dir='ltr'><strong>Eodem</strong></span> <span class='ocrx_word' id='word_1_95' title='bbox 2076 1741 2288 1800; x_wconf 87' lang='lat' dir='ltr'><strong>autem</strong></span> <span class='ocrx_word' id='word_1_96' title='bbox 2334 1734 2524 1800; x_wconf 92' lang='lat' dir='ltr'><strong>modo</strong></span> <span class='ocrx_word' id='word_1_97' title='bbox 2562 1733 2642 1798; x_wconf 90' lang='lat' dir='ltr'><strong>de</strong></span> <span class='ocrx_word' id='word_1_98' title='bbox 2675 1733 2789 1822; x_wconf 89' lang='lat' dir='ltr'><strong>illo</strong></span> 
     </span>
     <span class='ocr_line' id='line_1_13' title="bbox 545 1843 2842 1932; baseline -0.001 -23"><span class='ocrx_word' id='word_1_99' title='bbox 545 1844 689 1910; x_wconf 87' lang='lat' dir='ltr'><strong>loco</strong></span> <span class='ocrx_word' id='word_1_100' title='bbox 749 1866 829 1909; x_wconf 83' lang='lat' dir='ltr'><strong>ex</strong></span> <span class='ocrx_word' id='word_1_101' title='bbox 872 1844 1212 1929; x_wconf 88' lang='lat' dir='ltr'><strong>Adelphon</strong></span> <span class='ocrx_word' id='word_1_102' title='bbox 1275 1844 1679 1928; x_wconf 87' lang='lat' dir='ltr'><strong>praefatione</strong></span> <span class='ocrx_word' id='word_1_103' title='bbox 1738 1843 1941 1909; x_wconf 86' lang='lat' dir='ltr'><strong>allato</strong></span> <span class='ocrx_word' id='word_1_104' title='bbox 1995 1843 2413 1932; x_wconf 87' lang='lat' dir='ltr'><strong>iudicandum</strong></span> <span class='ocrx_word' id='word_1_105' title='bbox 2470 1848 2600 1927; x_wconf 90' lang='lat' dir='ltr'><strong>est,</strong></span> <span class='ocrx_word' id='word_1_106' title='bbox 2660 1864 2789 1926; x_wconf 92' lang='lat' dir='ltr'><strong>quo</strong></span> <span class='ocrx_word' id='word_1_107' title='bbox 2829 1871 2842 1884; x_wconf 89' lang='lat'><strong>·</strong></span> 
     </span>
     <span class='ocr_line' id='line_1_14' title="bbox 542 1953 2790 2038; baseline 0 -20"><span class='ocrx_word' id='word_1_108' title='bbox 542 1955 817 2020; x_wconf 90' lang='lat' dir='ltr'><strong>similem</strong></span> <span class='ocrx_word' id='word_1_109' title='bbox 844 1956 973 2020; x_wconf 85' lang='lat' dir='ltr'><strong>vim</strong></span> <span class='ocrx_word' id='word_1_110' title='bbox 1019 1954 1446 2019; x_wconf 88' lang='lat' dir='ltr'><strong>dubitationis</strong></span> <span class='ocrx_word' id='word_1_111' title='bbox 1481 1953 1646 2019; x_wconf 92' lang='lat' dir='ltr'><strong>illud</strong></span> <span class='ocrx_word' id='word_1_112' title='bbox 1676 1953 1997 2037; x_wconf 84' lang='lat' dir='ltr'><strong>‚,dicunt“</strong></span> <span class='ocrx_word' id='word_1_113' title='bbox 2027 1953 2268 2019; x_wconf 86' lang='lat' dir='ltr'><strong>habere</strong></span> <span class='ocrx_word' id='word_1_114' title='bbox 2305 1954 2530 2038; x_wconf 84' lang='lat' dir='ltr'><strong>negari</strong></span> <span class='ocrx_word' id='word_1_115' title='bbox 2551 1954 2790 2036; x_wconf 87' lang='lat' dir='ltr'><strong>nequit.</strong></span> 
     </span>
    </p>

    <p class='ocr_par' dir='ltr' id='par_1_5' title="bbox 539 2062 2790 4240">
     <span class='ocr_line' id='line_1_15' title="bbox 709 2062 2789 2147; baseline 0 -20"><span class='ocrx_word' id='word_1_116' title='bbox 709 2062 979 2132; x_wconf 83' lang='lat' dir='ltr'><strong>Accedit</strong></span> <span class='ocrx_word' id='word_1_117' title='bbox 1054 2064 1266 2147; x_wconf 86' lang='lat' dir='ltr'><strong>aliud,</strong></span> <span class='ocrx_word' id='word_1_118' title='bbox 1342 2064 1518 2147; x_wconf 90' lang='lat' dir='ltr'><strong>quod</strong></span> <span class='ocrx_word' id='word_1_119' title='bbox 1578 2071 1642 2130; x_wconf 92' lang='lat' dir='ltr'><strong>et</strong></span> <span class='ocrx_word' id='word_1_120' title='bbox 1699 2064 1768 2128; x_wconf 91' lang='lat' dir='ltr'><strong>in</strong></span> <span class='ocrx_word' id='word_1_121' title='bbox 1833 2083 2101 2128; x_wconf 90' lang='lat' dir='ltr'><strong>numero</strong></span> <span class='ocrx_word' id='word_1_122' title='bbox 2165 2063 2511 2147; x_wconf 91' lang='lat' dir='ltr'><strong>Adelphon</strong></span> <span class='ocrx_word' id='word_1_123' title='bbox 2582 2068 2649 2127; x_wconf 89' lang='lat' dir='ltr'><strong>et</strong></span> <span class='ocrx_word' id='word_1_124' title='bbox 2720 2065 2789 2128; x_wconf 90' lang='lat' dir='ltr'><strong>in</strong></span> 
     </span>
     <span class='ocr_line' id='line_1_16' title="bbox 540 2172 2789 2259; baseline 0 -21"><span class='ocrx_word' id='word_1_125' title='bbox 540 2176 832 2259; x_wconf 86' lang='lat' dir='ltr'><strong>exemplo</strong></span> <span class='ocrx_word' id='word_1_126' title='bbox 877 2173 1126 2240; x_wconf 85' lang='lat' dir='ltr'><strong>Graeco</strong></span> <span class='ocrx_word' id='word_1_127' title='bbox 1187 2175 1475 2259; x_wconf 83' lang='lat' dir='ltr'><strong>Hecyrae</strong></span> <span class='ocrx_word' id='word_1_128' title='bbox 1523 2172 1763 2239; x_wconf 87' lang='lat' dir='ltr'><strong>Donati</strong></span> <span class='ocrx_word' id='word_1_129' title='bbox 1815 2173 2143 2239; x_wconf 89' lang='lat' dir='ltr'><strong>sententia</strong></span> <span class='ocrx_word' id='word_1_130' title='bbox 2199 2172 2422 2239; x_wconf 87' lang='lat' dir='ltr'><strong>differt</strong></span> <span class='ocrx_word' id='word_1_131' title='bbox 2480 2194 2519 2237; x_wconf 92' lang='lat' dir='ltr'><strong>a</strong></span> <span class='ocrx_word' id='word_1_132' title='bbox 2578 2173 2789 2238; x_wconf 87' lang='lat' dir='ltr'><strong>didas-</strong></span> 
     </span>
     <span class='ocr_line' id='line_1_17' title="bbox 540 2282 2790 2365; baseline -0 -17"><span class='ocrx_word' id='word_1_133' title='bbox 540 2283 724 2349; x_wconf 86' lang='lat' dir='ltr'><strong>caliis</strong></span> <span class='ocrx_word' id='word_1_134' title='bbox 778 2285 1038 2350; x_wconf 90' lang='lat' dir='ltr'><strong>nostris.</strong></span> <span class='ocrx_word' id='word_1_135' title='bbox 1130 2284 1340 2362; x_wconf 85' lang='lat' dir='ltr'><strong>Quare</strong></span> <span class='ocrx_word' id='word_1_136' title='bbox 1379 2285 1708 2349; x_wconf 85' lang='lat' dir='ltr'><strong>Donatum</strong></span> <span class='ocrx_word' id='word_1_137' title='bbox 1753 2289 1869 2349; x_wconf 90' lang='lat' dir='ltr'><strong>aut</strong></span> <span class='ocrx_word' id='word_1_138' title='bbox 1911 2285 1980 2348; x_wconf 92' lang='lat' dir='ltr'><strong>in</strong></span> <span class='ocrx_word' id='word_1_139' title='bbox 2025 2304 2282 2349; x_wconf 90' lang='lat' dir='ltr'><strong>suorum</strong></span> <span class='ocrx_word' id='word_1_140' title='bbox 2328 2282 2790 2365; x_wconf 82' lang='lat' dir='ltr'><strong>exemplarium</strong></span> 
     </span>
     <span class='ocr_line' id='line_1_18' title="bbox 542 2393 2789 2479; baseline -0 -20"><span class='ocrx_word' id='word_1_141' title='bbox 542 2394 914 2460; x_wconf 86' lang='lat' dir='ltr'><strong>didascaliis</strong></span> <span class='ocrx_word' id='word_1_142' title='bbox 973 2393 1122 2459; x_wconf 86' lang='lat' dir='ltr'><strong>illas</strong></span> <span class='ocrx_word' id='word_1_143' title='bbox 1182 2415 1285 2459; x_wconf 85' lang='lat' dir='ltr'><strong>res</strong></span> <span class='ocrx_word' id='word_1_144' title='bbox 1345 2416 1477 2459; x_wconf 89' lang='lat' dir='ltr'><strong>non</strong></span> <span class='ocrx_word' id='word_1_145' title='bbox 1534 2395 1893 2479; x_wconf 84' lang='lat' dir='ltr'><strong>invenisse,</strong></span> <span class='ocrx_word' id='word_1_146' title='bbox 1952 2399 2067 2458; x_wconf 90' lang='lat' dir='ltr'><strong>aut</strong></span> <span class='ocrx_word' id='word_1_147' title='bbox 2118 2393 2475 2474; x_wconf 85' lang='lat' dir='ltr'><strong>invenisse,</strong></span> <span class='ocrx_word' id='word_1_148' title='bbox 2536 2394 2650 2458; x_wconf 91' lang='lat' dir='ltr'><strong>sed</strong></span> <span class='ocrx_word' id='word_1_149' title='bbox 2708 2394 2789 2458; x_wconf 93' lang='lat' dir='ltr'><strong>ob</strong></span> 
     </span>
     <span class='ocr_line' id='line_1_19' title="bbox 542 2502 2789 2589; baseline -0.002 -19"><span class='ocrx_word' id='word_1_150' title='bbox 542 2506 830 2589; x_wconf 87' lang='lat' dir='ltr'><strong>aliquam</strong></span> <span class='ocrx_word' id='word_1_151' title='bbox 859 2525 1121 2570; x_wconf 86' lang='lat' dir='ltr'><strong>causam</strong></span> <span class='ocrx_word' id='word_1_152' title='bbox 1163 2506 1233 2569; x_wconf 91' lang='lat' dir='ltr'><strong>in</strong></span> <span class='ocrx_word' id='word_1_153' title='bbox 1279 2504 1547 2571; x_wconf 92' lang='lat' dir='ltr'><strong>dubium</strong></span> <span class='ocrx_word' id='word_1_154' title='bbox 1589 2524 1852 2570; x_wconf 81' lang='lat' dir='ltr'><strong>vocasse</strong></span> <span class='ocrx_word' id='word_1_155' title='bbox 1897 2510 2096 2586; x_wconf 88' lang='lat' dir='ltr'><strong>atque</strong></span> <span class='ocrx_word' id='word_1_156' title='bbox 2142 2503 2324 2567; x_wconf 89' lang='lat' dir='ltr'><strong>illam</strong></span> <span class='ocrx_word' id='word_1_157' title='bbox 2367 2502 2668 2568; x_wconf 88' lang='lat' dir='ltr'><strong>notitiam</strong></span> <span class='ocrx_word' id='word_1_158' title='bbox 2711 2524 2789 2566; x_wconf 84' lang='lat' dir='ltr'><strong>ex</strong></span> 
     </span>
     <span class='ocr_line' id='line_1_20' title="bbox 547 2613 2789 2699; baseline -0.003 -16"><span class='ocrx_word' id='word_1_159' title='bbox 547 2615 826 2683; x_wconf 86' lang='lat' dir='ltr'><strong>alicuius</strong></span> <span class='ocrx_word' id='word_1_160' title='bbox 871 2614 1279 2699; x_wconf 84' lang='lat' dir='ltr'><strong>grammatici</strong></span> <span class='ocrx_word' id='word_1_161' title='bbox 1339 2615 1601 2699; x_wconf 88' lang='lat' dir='ltr'><strong>scriptis</strong></span> <span class='ocrx_word' id='word_1_162' title='bbox 1644 2614 1962 2697; x_wconf 82' lang='lat' dir='ltr'><strong>hausisse,</strong></span> <span class='ocrx_word' id='word_1_163' title='bbox 2008 2614 2215 2680; x_wconf 89' lang='lat' dir='ltr'><strong>conici</strong></span> <span class='ocrx_word' id='word_1_164' title='bbox 2257 2613 2422 2679; x_wconf 87' lang='lat' dir='ltr'><strong>licet.</strong></span> <span class='ocrx_word' id='word_1_165' title='bbox 2509 2613 2676 2677; x_wconf 88' lang='lat' dir='ltr'><strong>Nam</strong></span> <span class='ocrx_word' id='word_1_166' title='bbox 2720 2614 2789 2677; x_wconf 89' lang='lat' dir='ltr'><strong>in</strong></span> 
     </span>
     <span class='ocr_line' id='line_1_21' title="bbox 540 2723 2789 2809; baseline 0 -20"><span class='ocrx_word' id='word_1_167' title='bbox 540 2725 934 2809; x_wconf 87' lang='lat' dir='ltr'><strong>didascaliis,</strong></span> <span class='ocrx_word' id='word_1_168' title='bbox 962 2745 1125 2807; x_wconf 89' lang='lat' dir='ltr'><strong>quas</strong></span> <span class='ocrx_word' id='word_1_169' title='bbox 1159 2724 1445 2808; x_wconf 83' lang='lat' dir='ltr'><strong>inspexit</strong></span> <span class='ocrx_word' id='word_1_170' title='bbox 1475 2724 1790 2809; x_wconf 79' lang='lat' dir='ltr'><strong>DonatuS,</strong></span> <span class='ocrx_word' id='word_1_171' title='bbox 1834 2723 2168 2806; x_wconf 89' lang='lat' dir='ltr'><strong>Adelphos</strong></span> <span class='ocrx_word' id='word_1_172' title='bbox 2199 2745 2330 2789; x_wconf 91' lang='lat' dir='ltr'><strong>non</strong></span> <span class='ocrx_word' id='word_1_173' title='bbox 2357 2744 2475 2807; x_wconf 89' lang='lat' dir='ltr'><strong>pro</strong></span> <span class='ocrx_word' id='word_1_174' title='bbox 2507 2725 2789 2789; x_wconf 89' lang='lat' dir='ltr'><strong>secunda</strong></span> 
     </span>
     <span class='ocr_line' id='line_1_22' title="bbox 539 2833 2785 2919; baseline 0 -20"><span class='ocrx_word' id='word_1_175' title='bbox 539 2834 764 2900; x_wconf 87' lang='lat' dir='ltr'><strong>fabula</strong></span> <span class='ocrx_word' id='word_1_176' title='bbox 805 2839 1214 2899; x_wconf 89' lang='lat' dir='ltr'><strong>numeratam</strong></span> <span class='ocrx_word' id='word_1_177' title='bbox 1275 2834 1476 2900; x_wconf 85' lang='lat' dir='ltr'><strong>fuisse</strong></span> <span class='ocrx_word' id='word_1_178' title='bbox 1519 2855 1664 2900; x_wconf 89' lang='lat' dir='ltr'><strong>cum</strong></span> <span class='ocrx_word' id='word_1_179' title='bbox 1708 2836 1840 2900; x_wconf 90' lang='lat' dir='ltr'><strong>iam</strong></span> <span class='ocrx_word' id='word_1_180' title='bbox 1883 2833 2049 2900; x_wconf 90' lang='lat' dir='ltr'><strong>illud</strong></span> <span class='ocrx_word' id='word_1_181' title='bbox 2089 2834 2400 2919; x_wconf 82' lang='lat' dir='ltr'><strong>‚,dicunt“</strong></span> <span class='ocrx_word' id='word_1_182' title='bbox 2444 2856 2485 2897; x_wconf 90' lang='lat' dir='ltr'><strong>a</strong></span> <span class='ocrx_word' id='word_1_183' title='bbox 2526 2835 2785 2900; x_wconf 87' lang='lat' dir='ltr'><strong>Donato</strong></span> 
     </span>
     <span class='ocr_line' id='line_1_23' title="bbox 539 2944 2788 3029; baseline -0 -19"><span class='ocrx_word' id='word_1_184' title='bbox 539 2945 832 3010; x_wconf 86' lang='lat' dir='ltr'><strong>additum</strong></span> <span class='ocrx_word' id='word_1_185' title='bbox 850 2945 1159 3028; x_wconf 89' lang='lat' dir='ltr'><strong>ostendit,</strong></span> <span class='ocrx_word' id='word_1_186' title='bbox 1187 2950 1328 3009; x_wconf 89' lang='lat' dir='ltr'><strong>tum</strong></span> <span class='ocrx_word' id='word_1_187' title='bbox 1356 2968 1434 3011; x_wconf 85' lang='lat' dir='ltr'><strong>ex</strong></span> <span class='ocrx_word' id='word_1_188' title='bbox 1451 2966 1524 3010; x_wconf 89' lang='lat' dir='ltr'><strong>eo</strong></span> <span class='ocrx_word' id='word_1_189' title='bbox 1542 2945 1841 3010; x_wconf 90' lang='lat' dir='ltr'><strong>concludi</strong></span> <span class='ocrx_word' id='word_1_190' title='bbox 1854 2951 2094 3029; x_wconf 89' lang='lat' dir='ltr'><strong>potest,</strong></span> <span class='ocrx_word' id='word_1_191' title='bbox 2128 2944 2305 3028; x_wconf 91' lang='lat' dir='ltr'><strong>quod</strong></span> <span class='ocrx_word' id='word_1_192' title='bbox 2323 2964 2584 3009; x_wconf 88' lang='lat' dir='ltr'><strong>causam</strong></span> <span class='ocrx_word' id='word_1_193' title='bbox 2599 2945 2788 3028; x_wconf 87' lang='lat' dir='ltr'><strong>quasi</strong></span> 
     </span>
     <span class='ocr_line' id='line_1_24' title="bbox 545 3054 2786 3140; baseline -0 -21"><span class='ocrx_word' id='word_1_194' title='bbox 545 3054 748 3139; x_wconf 87' lang='lat' dir='ltr'><strong>addit,</strong></span> <span class='ocrx_word' id='word_1_195' title='bbox 807 3075 942 3138; x_wconf 89' lang='lat' dir='ltr'><strong>qua</strong></span> <span class='ocrx_word' id='word_1_196' title='bbox 985 3061 1340 3121; x_wconf 88' lang='lat' dir='ltr'><strong>commotus</strong></span> <span class='ocrx_word' id='word_1_197' title='bbox 1386 3056 1486 3120; x_wconf 86' lang='lat' dir='ltr'><strong>vel</strong></span> <span class='ocrx_word' id='word_1_198' title='bbox 1533 3076 1665 3137; x_wconf 86' lang='lat' dir='ltr'><strong>qua</strong></span> <span class='ocrx_word' id='word_1_199' title='bbox 1707 3055 1982 3140; x_wconf 89' lang='lat' dir='ltr'><strong>probata</strong></span> <span class='ocrx_word' id='word_1_200' title='bbox 2025 3055 2207 3122; x_wconf 89' lang='lat' dir='ltr'><strong>illam</strong></span> <span class='ocrx_word' id='word_1_201' title='bbox 2254 3055 2644 3121; x_wconf 87' lang='lat' dir='ltr'><strong>sententiam</strong></span> <span class='ocrx_word' id='word_1_202' title='bbox 2692 3074 2786 3118; x_wconf 89' lang='lat' dir='ltr'><strong>se-</strong></span> 
     </span>
     <span class='ocr_line' id='line_1_25' title="bbox 543 3164 2787 3249; baseline 0.001 -23"><span class='ocrx_word' id='word_1_203' title='bbox 543 3169 724 3227; x_wconf 90' lang='lat' dir='ltr'><strong>cutus</strong></span> <span class='ocrx_word' id='word_1_204' title='bbox 796 3165 901 3229; x_wconf 89' lang='lat' dir='ltr'><strong>sit.</strong></span> <span class='ocrx_word' id='word_1_205' title='bbox 1004 3164 1171 3229; x_wconf 90' lang='lat' dir='ltr'><strong>Nam</strong></span> <span class='ocrx_word' id='word_1_206' title='bbox 1235 3165 1409 3247; x_wconf 89' lang='lat' dir='ltr'><strong>quod</strong></span> <span class='ocrx_word' id='word_1_207' title='bbox 1468 3164 1683 3230; x_wconf 84' lang='lat' dir='ltr'><strong>addit:</strong></span> <span class='ocrx_word' id='word_1_208' title='bbox 1770 3165 2039 3249; x_wconf 87' lang='lat' dir='ltr'><strong>„itaque</strong></span> <span class='ocrx_word' id='word_1_209' title='bbox 2110 3166 2201 3231; x_wconf 90' lang='lat' dir='ltr'><strong>sic</strong></span> <span class='ocrx_word' id='word_1_210' title='bbox 2267 3164 2787 3247; x_wconf 86' lang='lat' dir='ltr'><strong>pronuntiatam:</strong></span> 
     </span>
     <span class='ocr_line' id='line_1_26' title="bbox 542 3272 2788 3358; baseline 0.001 -21"><span class='ocrx_word' id='word_1_211' title='bbox 542 3272 828 3356; x_wconf 87' lang='lat' dir='ltr'><strong>Adelphi</strong></span> <span class='ocrx_word' id='word_1_212' title='bbox 886 3272 1151 3338; x_wconf 89' lang='lat' dir='ltr'><strong>Terenti</strong></span> <span class='ocrx_word' id='word_1_213' title='bbox 1209 3295 1335 3338; x_wconf 90' lang='lat' dir='ltr'><strong>non</strong></span> <span class='ocrx_word' id='word_1_214' title='bbox 1394 3274 1661 3339; x_wconf 86' lang='lat' dir='ltr'><strong>Terenti</strong></span> <span class='ocrx_word' id='word_1_215' title='bbox 1715 3275 2044 3357; x_wconf 85' lang='lat' dir='ltr'><strong>Adelphi“</strong></span> <span class='ocrx_word' id='word_1_216' title='bbox 2090 3295 2142 3337; x_wconf 92' lang='lat' dir='ltr'><strong>e.</strong></span> <span class='ocrx_word' id='word_1_217' title='bbox 2188 3296 2252 3356; x_wconf 90' lang='lat' dir='ltr'><strong>q.</strong></span> <span class='ocrx_word' id='word_1_218' title='bbox 2306 3294 2355 3336; x_wconf 91' lang='lat' dir='ltr'><strong>s.</strong></span> <span class='ocrx_word' id='word_1_219' title='bbox 2373 3324 2392 3358; x_wconf 91' lang='lat'><em>‚</em></span> <span class='ocrx_word' id='word_1_220' title='bbox 2456 3273 2601 3356; x_wconf 89' lang='lat' dir='ltr'><strong>quis</strong></span> <span class='ocrx_word' id='word_1_221' title='bbox 2657 3295 2788 3339; x_wconf 91' lang='lat' dir='ltr'><strong>non</strong></span> 
     </span>
     <span class='ocr_line' id='line_1_27' title="bbox 541 3382 2783 3467; baseline 0.001 -20"><span class='ocrx_word' id='word_1_222' title='bbox 541 3383 886 3466; x_wconf 87' lang='lat' dir='ltr'><strong>intellegit,</strong></span> <span class='ocrx_word' id='word_1_223' title='bbox 932 3384 1002 3449; x_wconf 91' lang='lat' dir='ltr'><strong>in</strong></span> <span class='ocrx_word' id='word_1_224' title='bbox 1044 3382 1168 3446; x_wconf 89' lang='lat' dir='ltr'><strong>hac</strong></span> <span class='ocrx_word' id='word_1_225' title='bbox 1211 3404 1281 3449; x_wconf 92' lang='lat' dir='ltr'><strong>re</strong></span> <span class='ocrx_word' id='word_1_226' title='bbox 1325 3404 1560 3450; x_wconf 87' lang='lat' dir='ltr'><strong>vanam</strong></span> <span class='ocrx_word' id='word_1_227' title='bbox 1588 3385 1911 3451; x_wconf 89' lang='lat' dir='ltr'><strong>rationem</strong></span> <span class='ocrx_word' id='word_1_228' title='bbox 1942 3385 2168 3466; x_wconf 83' lang='lat' dir='ltr'><strong>latere,</strong></span> <span class='ocrx_word' id='word_1_229' title='bbox 2214 3388 2615 3467; x_wconf 89' lang='lat' dir='ltr'><strong>quapropter</strong></span> <span class='ocrx_word' id='word_1_230' title='bbox 2650 3383 2783 3450; x_wconf 85' lang='lat' dir='ltr'><strong>sive</strong></span> 
     </span>
     <span class='ocr_line' id='line_1_28' title="bbox 540 3492 2787 3579; baseline 0.001 -22"><span class='ocrx_word' id='word_1_231' title='bbox 540 3493 831 3560; x_wconf 88' lang='lat' dir='ltr'><strong>Donatus</strong></span> <span class='ocrx_word' id='word_1_232' title='bbox 877 3495 1010 3560; x_wconf 87' lang='lat' dir='ltr'><strong>sive</strong></span> <span class='ocrx_word' id='word_1_233' title='bbox 1055 3493 1223 3559; x_wconf 89' lang='lat' dir='ltr'><strong>alius</strong></span> <span class='ocrx_word' id='word_1_234' title='bbox 1269 3494 1730 3579; x_wconf 87' lang='lat' dir='ltr'><strong>grammaticus</strong></span> <span class='ocrx_word' id='word_1_235' title='bbox 1754 3494 2085 3579; x_wconf 91' lang='lat' dir='ltr'><strong>Adelphos</strong></span> <span class='ocrx_word' id='word_1_236' title='bbox 2119 3495 2467 3560; x_wconf 88' lang='lat' dir='ltr'><strong>secundam</strong></span> <span class='ocrx_word' id='word_1_237' title='bbox 2498 3492 2787 3559; x_wconf 86' lang='lat' dir='ltr'><strong>fabulam</strong></span> 
     </span>
     <span class='ocr_line' id='line_1_29' title="bbox 546 3603 2786 3687; baseline 0 -18"><span class='ocrx_word' id='word_1_238' title='bbox 546 3603 766 3687; x_wconf 86' lang='lat' dir='ltr'><strong>fuisse,</strong></span> <span class='ocrx_word' id='word_1_239' title='bbox 810 3603 1279 3672; x_wconf 76' lang='lat' dir='ltr'><strong>contenderat?</strong></span> <span class='ocrx_word' id='word_1_240' title='bbox 1366 3604 1531 3670; x_wconf 89' lang='lat' dir='ltr'><strong>Nam</strong></span> <span class='ocrx_word' id='word_1_241' title='bbox 1563 3605 1845 3671; x_wconf 83' lang='lat' dir='ltr'><strong>Terentii</strong></span> <span class='ocrx_word' id='word_1_242' title='bbox 1889 3604 2284 3687; x_wconf 89' lang='lat' dir='ltr'><strong>temporibus</strong></span> <span class='ocrx_word' id='word_1_243' title='bbox 2314 3610 2558 3669; x_wconf 83' lang='lat' dir='ltr'><strong>veteres</strong></span> <span class='ocrx_word' id='word_1_244' title='bbox 2601 3605 2786 3670; x_wconf 90' lang='lat' dir='ltr'><strong>illam</strong></span> 
     </span>
     <span class='ocr_line' id='line_1_30' title="bbox 543 3714 2788 3798; baseline -0 -20"><span class='ocrx_word' id='word_1_245' title='bbox 543 3714 876 3780; x_wconf 90' lang='lat' dir='ltr'><strong>nominum</strong></span> <span class='ocrx_word' id='word_1_246' title='bbox 920 3714 1408 3780; x_wconf 88' lang='lat' dir='ltr'><strong>collocationem</strong></span> <span class='ocrx_word' id='word_1_247' title='bbox 1470 3737 1730 3782; x_wconf 89' lang='lat' dir='ltr'><strong>curasse</strong></span> <span class='ocrx_word' id='word_1_248' title='bbox 1775 3736 1980 3797; x_wconf 90' lang='lat' dir='ltr'><strong>eaque</strong></span> <span class='ocrx_word' id='word_1_249' title='bbox 2025 3721 2372 3780; x_wconf 91' lang='lat' dir='ltr'><strong>commotos</strong></span> <span class='ocrx_word' id='word_1_250' title='bbox 2414 3720 2532 3779; x_wconf 87' lang='lat' dir='ltr'><strong>aut</strong></span> <span class='ocrx_word' id='word_1_251' title='bbox 2581 3715 2788 3798; x_wconf 85' lang='lat' dir='ltr'><strong>magis</strong></span> 
     </span>
     <span class='ocr_line' id='line_1_31' title="bbox 544 3822 2789 3909; baseline 0 -21"><span class='ocrx_word' id='word_1_252' title='bbox 544 3829 661 3888; x_wconf 89' lang='lat' dir='ltr'><strong>aut</strong></span> <span class='ocrx_word' id='word_1_253' title='bbox 703 3824 915 3888; x_wconf 91' lang='lat' dir='ltr'><strong>minus</strong></span> <span class='ocrx_word' id='word_1_254' title='bbox 961 3822 1159 3888; x_wconf 86' lang='lat' dir='ltr'><strong>alicui</strong></span> <span class='ocrx_word' id='word_1_255' title='bbox 1201 3823 1462 3892; x_wconf 86' lang='lat' dir='ltr'><strong>fabulae</strong></span> <span class='ocrx_word' id='word_1_256' title='bbox 1505 3824 1776 3909; x_wconf 82' lang='lat' dir='ltr'><strong>favisse,</strong></span> <span class='ocrx_word' id='word_1_257' title='bbox 1837 3824 2014 3889; x_wconf 89' lang='lat' dir='ltr'><strong>credi</strong></span> <span class='ocrx_word' id='word_1_258' title='bbox 2057 3845 2187 3890; x_wconf 89' lang='lat' dir='ltr'><strong>non</strong></span> <span class='ocrx_word' id='word_1_259' title='bbox 2230 3827 2484 3907; x_wconf 83' lang='lat' dir='ltr'><strong>potest,</strong></span> <span class='ocrx_word' id='word_1_260' title='bbox 2546 3829 2612 3887; x_wconf 93' lang='lat' dir='ltr'><strong>et</strong></span> <span class='ocrx_word' id='word_1_261' title='bbox 2654 3824 2789 3889; x_wconf 86' lang='lat' dir='ltr'><strong>iam</strong></span> 
     </span>
     <span class='ocr_line' id='line_1_32' title="bbox 542 3932 2787 4026; baseline -0.001 -27"><span class='ocrx_word' id='word_1_262' title='bbox 542 3934 690 4016; x_wconf 89' lang='lat' dir='ltr'><strong>ipsa</strong></span> <span class='ocrx_word' id='word_1_263' title='bbox 744 3933 906 3998; x_wconf 88' lang='lat' dir='ltr'><strong>haec</strong></span> <span class='ocrx_word' id='word_1_264' title='bbox 962 3934 1133 4026; x_wconf 88' lang='lat' dir='ltr'><strong>ratio</strong></span> <span class='ocrx_word' id='word_1_265' title='bbox 1195 3935 1528 3999; x_wconf 88' lang='lat' dir='ltr'><strong>levitatem</strong></span> <span class='ocrx_word' id='word_1_266' title='bbox 1586 3941 1649 4001; x_wconf 90' lang='lat' dir='ltr'><strong>et</strong></span> <span class='ocrx_word' id='word_1_267' title='bbox 1689 3936 2045 3999; x_wconf 83' lang='lat' dir='ltr'><strong>vanitatem</strong></span> <span class='ocrx_word' id='word_1_268' title='bbox 2087 3934 2283 3999; x_wconf 87' lang='lat' dir='ltr'><strong>totius</strong></span> <span class='ocrx_word' id='word_1_269' title='bbox 2328 3932 2506 3998; x_wconf 88' lang='lat' dir='ltr'><strong>illius</strong></span> <span class='ocrx_word' id='word_1_270' title='bbox 2552 3933 2787 3997; x_wconf 92' lang='lat' dir='ltr'><strong>doctri-</strong></span> 
     </span>
     <span class='ocr_line' id='line_1_33' title="bbox 542 4042 2786 4128; baseline -0.001 -18"><span class='ocrx_word' id='word_1_271' title='bbox 542 4065 666 4110; x_wconf 89' lang='lat' dir='ltr'><strong>nae</strong></span> <span class='ocrx_word' id='word_1_272' title='bbox 711 4049 778 4109; x_wconf 88' lang='lat' dir='ltr'><strong>et</strong></span> <span class='ocrx_word' id='word_1_273' title='bbox 804 4063 1178 4128; x_wconf 84' lang='lat' dir='ltr'><strong>perversam</strong></span> <span class='ocrx_word' id='word_1_274' title='bbox 1205 4043 1640 4110; x_wconf 90' lang='lat' dir='ltr'><strong>subtilitatem</strong></span> <span class='ocrx_word' id='word_1_275' title='bbox 1667 4044 1927 4110; x_wconf 87' lang='lat' dir='ltr'><strong>illorum</strong></span> <span class='ocrx_word' id='word_1_276' title='bbox 1958 4042 2541 4127; x_wconf 88' lang='lat' dir='ltr'><strong>grammaticorum,</strong></span> <span class='ocrx_word' id='word_1_277' title='bbox 2579 4044 2786 4125; x_wconf 85' lang='lat' dir='ltr'><strong>magis</strong></span> 
     </span>
     <span class='ocr_line' id='line_1_34' title="bbox 547 4149 2790 4240; baseline -0.002 -22"><span class='ocrx_word' id='word_1_278' title='bbox 547 4160 881 4218; x_wconf 80' lang='lat' dir='ltr'><strong>externa-m</strong></span> <span class='ocrx_word' id='word_1_279' title='bbox 963 4156 1242 4240; x_wconf 86' lang='lat' dir='ltr'><strong>speciem</strong></span> <span class='ocrx_word' id='word_1_280' title='bbox 1314 4175 1512 4239; x_wconf 89' lang='lat' dir='ltr'><strong>quam</strong></span> <span class='ocrx_word' id='word_1_281' title='bbox 1578 4174 1716 4218; x_wconf 90' lang='lat' dir='ltr'><strong>rem</strong></span> <span class='ocrx_word' id='word_1_282' title='bbox 1796 4153 2005 4236; x_wconf 89' lang='lat' dir='ltr'><strong>ipsam</strong></span> <span class='ocrx_word' id='word_1_283' title='bbox 2085 4149 2550 4236; x_wconf 88' lang='lat' dir='ltr'><strong>spectantium,</strong></span> <span class='ocrx_word' id='word_1_284' title='bbox 2626 4150 2790 4216; x_wconf 89' lang='lat' dir='ltr'><strong>mihi</strong></span> 
     </span>
    </p>
   </div>
   <div class='ocr_carea' id='block_1_5' title="bbox 444 4264 1132 4351">
    <p class='ocr_par' dir='ltr' id='par_1_6' title="bbox 444 4264 1132 4351">
     <span class='ocr_line' id='line_1_35' title="bbox 444 4264 1132 4351; baseline 0.001 -23"><span class='ocrx_word' id='word_1_285' title='bbox 444 4301 457 4318; x_wconf 74' lang='lat'>=</span> <span class='ocrx_word' id='word_1_286' title='bbox 547 4265 820 4351; x_wconf 87' lang='lat' dir='ltr'><strong>prodere</strong></span> <span class='ocrx_word' id='word_1_287' title='bbox 863 4264 1132 4332; x_wconf 86' lang='lat' dir='ltr'><strong>videtur.</strong></span> 
     </span>
    </p>
   </div>
  </div>
 </body>
</html>
