3192 4967
1395 478 1823 549 *35*

488 675 914 741 personarum
971 661 1161 720 notas
1224 655 1393 719 hanc
1449 654 1529 719 ob
1588 673 1728 717 rem
1772 650 2186 735 corrigendas
2232 673 2370 717 esse
2408 647 2732 717 Steffenus

491 767 754 830 censuit.
845 764 972 829 Sed
1000 778 1258 849 causa,
1340 769 1741 848 quapropter
1799 762 1869 825 in
1926 762 2237 846 Adelphis
2319 762 2557 845 Getae,
2631 762 2736 827 cui

491 878 688 941 semel
741 875 798 937 B
845 876 1102 957 littera,
1158 875 1356 940 semel
1403 882 1476 957 A,
1522 872 1624 937 bis
1668 879 1887 937 autem
1939 873 1998 937 Γ
2031 873 2247 937 littera
2290 872 2358 936 in
2404 872 2734 937 codicibus

490 987 814 1068 asscripta
867 991 966 1050 est
1017 985 1216 1066 idque
1275 983 1524 1048 scaenis
1583 1004 1716 1050 non
1776 984 2209 1064 continuatis,
2286 984 2611 1072 notam-Z
2651 983 2733 1065 (Ρ)

493 1095 692 1160 fuisse
736 1095 1101 1178 suspiceris,
1147 1092 1331 1158 afferi
1374 1115 1506 1158 non
1549 1098 1781 1176 potest.
1867 1092 2035 1157 Nam
2080 1097 2242 1174 quot
2285 1092 2537 1156 litteras
2571 1090 2734 1156 Stef-

493 1205 681 1271 fenus
724 1204 1136 1288 corrigendas
1181 1225 1320 1269 esse
1363 1204 1724 1286 putaverit,
1784 1202 2095 1266 facillime
2139 1223 2218 1266 ex
2262 1202 2737 1286 comparatione

495 1317 729 1381 horum
787 1335 1202 1379 numerorum
1261 1332 1624 1397 cognosces.
1715 1312 1814 1376 Ex
1871 1312 2086 1377 LXIII
2144 1314 2314 1376 enim
2369 1312 2611 1376 litteris
2669 1312 2738 1375 in
2847 1403 2850 1404 γ

494 1426 809 1490 Eunucho
855 1422 1264 1489 exstantibus
1308 1424 1482 1506 XIX,
1540 1425 1624 1487 in.
1656 1421 2354 1487 Hautontimorumeno
2400 1421 2617 1486 XXVI
2661 1442 2741 1485 ex
2823 1415 2828 1423 ⁴

496 1534 727 1619 LVIII,
773 1535 843 1598 in
885 1533 1274 1598 Phormione
1320 1535 1508 1599 XXII
1533 1554 1613 1597 ex
1631 1534 1829 1617 LXV,
1865 1534 1935 1596 in
1965 1533 2219 1616 Hecyra
2260 1529 2382 1597 XX
2412 1554 2492 1597 ex
2525 1531 2740 1597 XLIII

499 1652 565 1709 et
609 1647 677 1709 in
720 1642 1037 1727 Adelphis
1082 1644 1297 1709 XXVI
1341 1665 1419 1707 ex
1463 1645 1580 1708 LX
1612 1644 1844 1708 litteris
1892 1644 2178 1707 mutavit.
2248 1641 2484 1719 Quales
2530 1663 2739 1707 emen·
2789 1635 2812 1644 ”

501 1755 796 1821 dationes
842 1755 898 1818 si
941 1755 1087 1836 quis
1132 1753 1653 1837 adscriptorum
1707 1759 2075 1818 contextum
2135 1754 2347 1835 ipsum
2394 1753 2736 1817 emendan—

503 1866 654 1931 dum
698 1883 1063 1948 proponere
1105 1864 1323 1945 vellet,
1363 1863 1546 1927 nulla
1577 1850 1785 1929 ⁶causa
1828 1865 1954 1928 nisi
1997 1864 2113 1928 illa
2154 1863 2622 1948 praeiudicata,
2668 1868 2743 1926 ut

499 1995 616 2059 ego
662 1974 855 2039 credo
873 2024 892 2059 ,
952 1975 1257 2057 opinione
1316 1974 1548 2056 allata,
1612 1974 1757 2056 quis
1816 1974 2010 2038 talem
2070 1974 2408 2037 audaciam
2467 1974 2536 2036 in
2581 1990 2741 2038 ‘con-

498 2085 794 2150 iectando
852 2084 1159 2168 probaret
1215 2084 1317 2149 vel
1371 2106 1503 2149 non
1562 2084 1875 2148 acerrime
1930 2084 2326 2166 castigaret?
2416 2082 2627 2159 Quare
2687 2085 2742 2172 si

499 2193 629 2259 alio
674 2193 864 2258 modo
911 2193 1346 2278 difficultates,
1393 2215 1555 2276 quas
1601 2194 1869 2277 praebet
1912 2195 2029 2261 illa
2075 2192 2446 2257 litterarum
2479 2192 2741 2276 notatiO,

501 2305 805 2388 expedire
848 2304 1220 2388 poterimuS,
1267 2324 1474 2386 nemo,
1520 2306 1733 2389 cred0,
1779 2326 1909 2369 non
1954 2303 2298 2387 dubitabit,
2345 2304 2504 2385 quin
2548 2304 2744 2386 paulo

502 2414 811 2479 audacius
856 2413 1178 2481 Steffenus
1222 2416 1291 2477 in
1334 2434 1763 2498 personarum
1806 2415 1980 2479 notis
2026 2413 2446 2479 emendandis
2490 2435 2744 2497 proces·

504 2525 696 2608 serit,
773 2526 887 2608 qui
934 2545 1327 2606 quamquam
1385 2524 1612 2590 subtili
1672 2506 2230 2608 argumentatione
2287 2545 2622 2588 numerum
2683 2532 2746 2589 et

504 2621 1031 2700 distributionem
1077 2640 1363 2698 actorum
1408 2632 1719 2717 indagare
1764 2634 2050 2717 studuit,
2112 2641 2326 2698 tamen
2370 2635 2437 2698 in
2482 2654 2557 2700 eo
2602 2653 2745 2718 pec·
2811 2624 2814 2628 ⁴

504 2764 684 2809 casse
727 2745 886 2809 mihi
930 2744 1219 2827 videtur,
1282 2743 1457 2825 quod
1501 2744 1587 2809 ad
1630 2765 1765 2808 rem
1809 2745 2326 2829 praeindicatam
2385 2750 2746 2809 accesserat

506 2860 573 2919 et
630 2853 806 2918 haud
866 2854 1058 2938 satis„
1129 2873 1295 2935 quae
1367 2852 1736 2919 differentia
1810 2854 2241 2920 intercederet
2299 2856 2473 2919 inter
2530 2875 2770 2938 perso--

505 2986 739 3030 narum
783 2970 974 3028 notas
1020 2965 1088 3028 in
1131 2963 1446 3029 Bembino
1493 2964 1713 3029 codice
1757 2961 2047 3029 servatas
2101 2972 2163 3029 et
2214 2966 2385 3029 inter
2429 2965 2746 3029 eiusmodi

510 3082 713 3157 notaS,
758 3095 924 3156 quae
969 3079 1232 3138 exstant
1272 3074 1344 3139 in
1389 3074 1777 3157 Victoriano,
1823 3075 2392 3140 animadverterat.

673 3183 878 3250 Paulo
925 3184 1162 3248 diutius
1205 3184 1368 3248 mihi
1410 3185 1479 3248 in
1504 3183 1774 3249 Steffeni
1805 3184 2367 3267 argumentatione
2395 3184 2753 3250 refellenda
2853 3184 2857 3188 ’

507 3293 1034 3358 commorandum
1076 3292 1229 3376 fuit,
1287 3299 1364 3358 ut
1415 3294 1594 3359 illius
1652 3293 1975 3358 sententia
2031 3296 2267 3359 reiecta
2308 3316 2489 3360 meae
2534 3294 2750 3377 dispu-

508 3403 741 3470 tationi
799 3404 987 3485 quasi
1036 3405 1207 3468 viam
1272 3403 1610 3469 munirem.
1696 3404 2087 3487 Priusquam
2145 3412 2364 3470 autem
2420 3405 2505 3470 ad
2561 3412 2750 3473 notas

508 3536 935 3598 personarum
980 3514 1048 3578 in
1093 3513 1423 3580 codicibus
1468 3514 1749 3580 traditas
1793 3522 2221 3604 transeamus,
2280 3516 2518 3581 iterum
2562 3516 2752 3590 nobis

510 3624 935 3709 spectandum
993 3629 1092 3689 est
1163 3625 1427 3689 tertium
1495 3624 1665 3690 illud
1721 3623 2035 3690 Euanthii
2093 3626 2557 3692 testimonium.
2652 3627 2753 3693 Ex

513 3756 640 3816 quo
687 3755 832 3800 cum
890 3734 1224 3818 collegerit
1266 3723 1621 3818 SteffenuS,
1684 3736 1971 3818 quinque
2003 3736 2567 3803 xactoribus'usos
2611 3758 2751 3802 esse

507 3848 737 3928 poe'tas
797 3864 1004 3910 novae
1058 3842 1453 3910 Graecorum
1512 3843 1912 3930 comoediae,
1967 3852 2188 3911 tamen
2249 3847 2442 3912 etiam
2500 3846 2584 3911 ad
2636 3869 2745 3911 nu·

508 3976 755 4020 merum
815 3960 1108 4020 actorum
1153 3977 1192 4019 a
1236 3955 1543 4021 Romanis
1602 3955 1963 4021 adhibitum
1981 4006 2000 4040 ,
2060 3957 2115 4021 si
2169 3956 2492 4039 quomodo
2537 3957 2752 4025 Euan-

510 4066 690 4130 thius
736 4071 938 4130 totam
981 4065 1162 4130 illam
1205 4065 1348 4151 „de
1375 4066 1715 4149 tragoedia
1740 4071 1807 4130 et
1829 4067 2205 4131 comoedia“
2248 4066 2755 4150 disputationem

514 4174 874 4240 instituerit
916 4182 1307 4260 spectamus,
1350 4176 1606 4259 aliquid
1649 4196 1728 4240 ex
1771 4195 1846 4241 eo
1894 4176 2060 4241 effici
2103 4197 2293 4259 posse
2320 4176 2533 4260 cred0,
2578 4177 2754 4261 quod

515 4285 911 4369 quamquam
953 4308 1085 4352 non
1127 4305 1246 4369 pro
1306 4294 1476 4351 certo
1518 4286 1651 4351 dici
1693 4292 1947 4371 potest,
2009 4293 2229 4352 tamen
2274 4286 2564 4370 aliquam
2607 4308 2755 4371 pro-

2274 4387 2350 4442 3*
