3192 4967
1399 419 1827 487 „14-

489 607 622 654 non
646 585 944 673 intellegi
973 608 1163 674 posse
1191 590 1543 673 contendit,
1566 590 1697 656 nisi
1725 589 2062 676 Adelphoe
2097 595 2251 656 ante
2282 586 2739 658 Hautontimo-

495 719 811 764 rumenon
829 704 979 763 acta
1007 704 1195 766 esset.
1226 699 1392 765 Nam
1419 702 1476 766 si
1505 721 1560 766 a.
1578 701 1708 765 594
1738 700 2073 785 Adelphoe
2102 702 2283 768 edita
2307 707 2498 787 esset,
2517 702 2738 768 adver-

490 810 695 875 sarios
718 812 955 892 poetae
982 830 1114 875 non
1144 810 1359 875 dicere
1381 812 1695 894 potuisse,
1715 810 2092 876 Terentium
2117 812 2399 895 „multas
2426 813 2737 879 contami·

498 938 690 984 nasse
721 917 1066 1002 Graecas“,
1110 940 1255 984 cum
1301 919 1467 985 duae
1489 924 1748 985 tantum
1776 918 2059 1005 fabulae,
2103 921 2351 989 Andria
2394 928 2462 987 et
2484 923 2740 1008 Hecyra

486 1030 798 1113 primum,
859 1037 1015 1095 ante
1056 1028 1801 1095 Hautontimorumenon
1860 1035 2045 1095 actae
2104 1037 2340 1097 essent.
2426 1031 2736 1097 Andriam

492 1140 756 1223 quidem
803 1160 884 1205 ex
916 1139 1166 1206 duabus
1197 1139 1437 1205 sabulis
1466 1139 1734 1206 Graecis
1765 1143 2190 1225 compositam
2234 1163 2374 1207 esse
2416 1148 2735 1226 constare,

489 1248 573 1316 de
612 1250 866 1335 Hecyra
908 1270 1060 1316 vero
1105 1250 1292 1315 valde
1338 1248 1623 1316 dubitari
1665 1271 1707 1315 a
1748 1251 1903 1316 viris
1949 1249 2176 1336 doctis,
2218 1257 2444 1318 utrum
2486 1273 2566 1317 ex
2606 1274 2737 1318 uno

491 1380 575 1424 an
635 1379 716 1425 ex
780 1359 1033 1426 duobus
1090 1360 1402 1445 exemplis
1463 1359 1732 1426 Graecis
1789 1360 1962 1429 fac‘ta
2006 1360 2108 1426 sit.
2169 1399 2252 1410 -
2309 1361 2556 1439 Quibus
2613 1362 2738 1428 hoc

489 1489 765 1554 oppono.
854 1469 1227 1536 Terentium
1285 1471 1606 1555 Hecyram
1662 1494 1741 1538 ex
1796 1472 2158 1538 Menandro
2218 1478 2285 1537 et
2334 1470 2735 1556 Apollodoro

494 1585 883 1644 mutuatum
905 1601 1079 1665 esse,
1136 1601 1531 1664 quamquam
1573 1602 1704 1647 non
1751 1583 2013 1647 omnino
2060 1583 2571 1648 demonstratum
2615 1585 2736 1665 est,

490 1695 709 1754 tamen
754 1711 796 1756 a
838 1689 1164 1755 veteribus
1209 1688 1688 1773 quodammodo
1747 1690 2026 1756 traditur
2071 1697 2138 1754 et
2178 1690 2565 1757 Dziatzkoni
2608 1692 2736 1776 ipsi

487 1800 695 1884 magis
771 1800 1122 1866 verisimile
1192 1800 1464 1866 videtur.
1577 1800 1708 1866 Sed
1775 1800 1899 1887 hoc
1979 1805 2434 1884 argumentum
2504 1806 2735 1865 contra

493 1908 962 1976 Dziatzkonem
1020 1908 1370 1975 adductum
1429 1931 1561 1976 non
1618 1930 1963 1994 urgeamus
1983 1959 2000 1990 ,
2075 1908 2500 1974 concedamus
2561 1928 2732 1972 nunc

489 2041 690 2086 unam
734 2025 992 2085 tantum
1036 2018 1328 2086 fabulam
1370 2020 1751 2085 Terentium
1792 2019 1862 2084 in
1904 2018 2160 2102 Hecyra
2201 2018 2530 2083 imitatum
2573 2037 2731 2082 esse.

489 2130 581 2194 At
623 2149 838 2194 nonne
895 2129 1284 2213 adversarii,
1343 2150 1740 2214 quamquam
1783 2152 1861 2196 ex
1912 2128 2123 2194 tribus
2179 2132 2441 2195 tantum
2492 2127 2731 2192 fabulis
2790 2216 2796 2222 ι

501 2237 767 2306 Graecis
806 2261 958 2306 suas
990 2239 1246 2306 fabulas
1276 2240 1622 2306 Terentius
1660 2245 2132 2326 composuerat,
2176 2259 2515 2305 numerum
2545 2239 2738 2303 nimis

499 2360 809 2435 augentes
854 2350 976 2416 has
1026 2356 1162 2416 tres
1218 2352 1585 2435 „multas
1611 2352 1651 2386 “
1705 2349 2039 2433 appellare
2096 2354 2452 2432 potuerunt
2510 2348 2735 2412 eodem

485 2461 666 2546 jure,
725 2483 884 2545 qu0,
945 2461 1003 2526 31
1060 2461 1342 2527 secundo
1398 2462 1542 2527 loco
1585 2459 1926 2545 Adelphoe
1969 2464 2117 2523 acta
2169 2464 2303 2538 est,
2368 2458 2757 2542 quinque·

492 2571 749 2647 fabulas
792 2572 1079 2639 Graecas
1122 2572 1530 2655 „multas“
1574 2572 1978 2638 adversarios
2023 2569 2381 2652 appellasse
2421 2565 2735 2633 Dziatzko

492 2682 757 2755 statuit;
820 2682 922 2746 vel
983 2702 1111 2764 quo
1170 2681 1504 2748 Terentius
1561 2683 1632 2747 in
1691 2665 1979 2747 Andriae
2036 2681 2201 2765 prol.
2245 2700 2300 2743 v,
2339 2680 2384 2743 3
2434 2679 2514 2742 de
2570 2697 2733 2743 una

493 2791 717 2866 fabula
744 2791 937 2856 dicit:
966 2791 1261 2876 „Populo
1293 2799 1369 2860 ut
1395 2794 1751 2875 placerent,
1788 2813 1890 2874 qu
1908 2812 1993 2856 as
2021 2789 2281 2855 fecisset
2310 2788 2733 2854 fabul·as?“

490 2901 847 2968 Praeterea
891 2907 1106 2967 autem
1148 2902 1207 2965 si
1250 2903 1537 2984 quinque
1582 2902 1995 2985 „multae“
2040 2906 2212 2984 sunt,
2275 2919 2469 2983 quam
2511 2918 2731 2962 vocem

486 3010 802 3077 Dziatzko
830 3011 1023 3076 nimis
1054 3031 1287 3095 urgere
1317 3011 1593 3094 videtur,
1640 3017 1875 3076 suntne
1903 3017 2048 3104 tum
2082 3018 2216 3076 tres
2246 3042 2301 3092 ·„
2319 3033 2362 3094 p
2382 3030 2481 3073 au
2499 3028 2639 3072 cae
2657 3007 2731 3070 P“

488 3121 588 3186 Ex
627 3122 732 3187 his
763 3122 1059 3188 omnibus
1087 3123 1527 3205 consequitur,
1571 3117 1949 3186 Terentium
1982 3122 2061 3185 in
2093 3122 2361 3204 prologo
2404 3118 2540 3203 illo,
2585 3140 2730 3183 cum

488 3231 1006 3300 adversariorum
1063 3251 1424 3299 sermonem
1479 3232 1788 3316 referret,
1846 3231 2014 3297 nihil
2070 3231 2428 3314 studuisse,
2486 3229 2614 3294 nisi
2655 3235 2757 3292 ut·

484 3362 671 3408 voces
714 3344 1049 3425 „multas“·
1078 3349 1146 3408 et
1187 3343 1522 3428 „paucas“
1565 3344 1739 3407 inter
1782 3363 1850 3408 se
1896 3346 2273 3426 opponeret.

656 3452 756 3518 Ex
798 3451 1080 3519 Volcatii
1127 3451 1402 3537 Sedigiti
1446 3474 1668 3519 versu:

652 3562 962 3645 „Simitur
1017 3561 1272 3645 Hecyra
1327 3570 1514 3627 sexta
1555 3563 1818 3628 exclusa
1875 3567 1977 3626 est
2034 3557 2302 3625 fabula“

485 3670 742 3738 firmum
801 3678 1255 3756 argumentum
1328 3674 1467 3755 peti
1541 3693 1676 3738 non·
1729 3691 1940 3755 posse,
1999 3670 2475 3756 Dziatzkonis*)
2520 3670 2722 3753 ipsius

486 3782 686 3851 verba
729 3782 1102 3866 ostendunt,
1148 3802 1294 3847 cum
1329 3782 1532 3848 dicat:
1578 3782 1877 3867 „Ritschl
1921 3782 2126 3846 meint
2168 3802 2356 3866 zwar,
2403 3801 2471 3846 es
2514 3779 2726 3844 werde

486 3915 612 3959 nur
679 3892 1092 3960 hinsichtlich
1136 3891 1251 3957 der
1288 3893 1543 3979 Hecyra
1609 3892 1736 3958 und
1778 3892 2062 3975 Adelphi
2105 3892 2248 3957 eine
2285 3888 2724 3972 Abweichung

484 4002 846 4070 bestanden
890 4003 1139 4088 haben,
1185 4004 1402 4070 indess
1459 4009 1721 4069 miissen
1765 4003 1883 4068 wir
1924 4002 2311 4086 wenigstens
2356 3997 2684 4082 die.M5g
2703 4035 2727 4045 —

629 4242 669 4316 ⁸)
705 4239 848 4298 Mus.
888 4240 1065 4302 Rhea.
1103 4236 1210 4299 vol.
1248 4238 1385 4299 XXI
1419 4256 1476 4316 p.
1515 4240 1598 4300 79.
