3192 4967
1439 502 1526 540 ·.-„.
1611 486 1862 551 37-

533 659 711 745 quod
754 659 984 743 attuli,
1045 681 1190 724 cum
1233 657 1625 724 sententiam
1681 655 1858 722 illam
1903 677 2035 719 non
2081 675 2159 718 ex
2202 676 2277 720 eo
2326 654 2772 722 demonstrare

534 776 806 837 conatus
867 772 1023 854 sim,
1094 768 1269 852 quod
1326 767 1692 833 Euanthius
1772 766 1848 831 de
1905 786 2171 831 numero
2246 757 2537 831 actorum
2599 766 2774 849 apud

533 881 853 946 Romanos
906 880 1201 945 adhibito
1246 885 1447 962 tacet,
1508 878 1622 942 sed
1668 899 1745 941 ex
1791 897 1899 958 eo,
1945 877 2151 959 quod,
2195 882 2488 959 quamvis
2535 879 2770 961 omnia,

533 990 769 1075 quibus
816 989 1068 1055 Graeca
1110 995 1177 1054 et
1221 991 1511 1054 Romana
1554 988 1888 1074 comoedia
1942 988 2113 1051 inter
2167 1009 2234 1051 se
2280 986 2580 1052 differant
2606 1002 2774 1051 ‘enu—

532 1101 844 1167 meranda
887 1101 1009 1167 sibi
1051 1099 1464 1185 proposuisse
1507 1098 1835 1178 videatur,
1860 1094 1868 1107 ’
1894 1102 2111 1161 tamen
2171 1097 2333 1161 nihil
2382 1097 2459 1161 de
2504 1117 2771 1178 numero

533 1216 828 1279 actorum
875 1211 1236 1302 aRomanis
1282 1209 1577 1274 adhibito
1624 1206 1896 1291 addidit,
1943 1207 2185 1291 quippe
2232 1208 2345 1289 qui
2388 1206 2559 1271 idem
2605 1212 2775 1271 esset

532 1328 729 1406 atque
792 1323 967 1405 apud
1025 1321 1331 1386 Graecos.
1448 1318 1608 1383 Cum
1669 1325 1887 1385 autem
1937 1315 2065 1400 ‘per
2123 1339 2190 1381 se
2253 1316 2590 1400 probabile
2653 1323 2774 1401 est,

534 1431 905 1514 quinarium
975 1417 1162 1496 filum
1234 1436 1529 1495 actorum
1585 1449 1927 1493 numerum
1985 1429 2174 1493 simul
2230 1449 2376 1493 cum
2434 1427 2673 1494 fabulis
2736 1449 2777 1492 a

533 1539 799 1606 Graecis
845 1541 930 1607 ad
952 1542 1290 1606 Romanos
1322 1540 1692 1606 traductum
1738 1559 1897 1622 esse,
1943 1543 2083 1603 tum
2128 1541 2518 1606 sententiam
2566 1560 2775 1606 meam

535 1653 905 1717 testimonio
963 1651 1077 1716 illo
1136 1650 1450 1716 Euanthii
1522 1650 1819 1717 adiutam
1884 1647 2253 1714 confirmari
2324 1671 2515 1733 posse
2583 1651 2773 1715 credo

531 1761 768 1827 litteris
812 1762 945 1826 illis
993 1760 1277 1845 GraeciS,
1324 1781 1492 1844 quae
1535 1761 1603 1825 in
1648 1757 1975 1824 codicibus
2020 1765 2286 1824 exstant.

701 1871 824 1937 Sed
882 1872 1060 1937 locus
1119 1873 1244 1936 iste
1305 1871 1623 1935 Euanthii
1681 1892 1814 1935 non
1869 1869 2335 1952 relinquendus
2385 1874 2516 1955 est,
2567 1872 2774 1955 prius-

535 2002 732 2065 quam
773 1981 1142 2066 viderimus,
1190 1981 1342 2063 quid
1386 1980 1622 2045 ultima
1665 1980 1801 2045 eius
1833 1981 2029 2045 verba
2071 1982 2247 2044 varie
2293 2000 2333 2043 a
2375 1980 2531 2044 viris
2569 1980 2775 2045 doctis

533 2091 860 2175 explicata
904 2099 970 2157 et
1015 2099 1324 2159 enarrata
1367 2090 1749 2175 significent.
1839 2091 2058 2155 Verba
2100 2089 2298 2155 enim:
2344 2096 2454 2175 „et
2499 2090 2583 2155 ad
2626 2089 2776 2154 ulti-
2829 2139 2836 2142 -

537 2223 732 2285 mum,
778 2203 891 2285 qui
934 2203 1292 2286 primarum
1336 2203 1639 2285 partium,
1686 2201 1799 2283 qui
1844 2201 2274 2265 secundarum
2319 2208 2382 2265 et
2410 2200 2776 2283 tertiarum,

532 2309 645 2394 qui
695 2315 1080 2393 quartarum
1124 2317 1321 2393 atque
1368 2313 1748 2394 quintarum
1812 2318 2057 2378 actores
2118 2316 2365 2395 essent,
2426 2310 2778 2377 distributa

530 2427 594 2487 et
658 2419 865 2486 divisa
940 2421 1472 2508 quinquepartito
1531 2428 1671 2487 tota
1730 2427 1828 2486 est
1882 2421 2145 2485 fabula“
2216 2420 2645 2485 Schneiderus
2710 2424 2779 2486 in

529 2531 729 2616 libre,
787 2533 900 2616 qui
954 2532 1333 2597 inscribitur
1386 2532 1547 2617 „das
1592 2531 1890 2596 Attische
1949 2530 2487 2596 Theaterwesen“
2506 2520 2586 2615 *)’,
2634 2553 2778 2596 cum

529 2643 738 2726 „qui“
781 2661 1002 2707 vocem
1063 2655 1180 2725 per
1235 2647 1355 2725 „ut
1410 2641 1536 2707 hoc
1587 2642 1825 2706 modo“
1865 2643 2361 2726 interpretetur,
2425 2643 2517 2706 sic
2558 2642 2778 2707 vertit:

531 2752 715 2834 „und
758 2753 999 2817 zuletzt
1041 2752 1288 2834 wurde‚
1350 2774 1419 2817 so
1480 2752 1631 2817 dass
1694 2773 1760 2816 es
1821 2751 2111 2816 dadurch
2164 2750 2623 2835 Schauspieler
2665 2751 2776 2815 des

535 2867 782 2945 ersten,
845 2862 1109 2926 zweiten
1128 2912 1146 2945 ,
1223 2862 1491 2945 dritten,
1559 2863 1809 2927 vierten
1867 2862 2004 2926 und
2058 2860 2316 2926 fiinften
2376 2847 2598 2926 Actes
2629 2863 2777 2945 gab,

534 2970 800 3055 (welche
844 2972 989 3038 blos
1032 2973 1102 3036 in
1146 2971 1294 3037 dem
1338 2975 1527 3037 einen
1572 2973 1728 3038 oder
1774 2972 1918 3037 dem
1959 2971 2243 3036 anderen
2275 2973 2600 3057 spielten),
2661 2972 2777 3037 das

531 3102 735 3164 ganze
780 3082 977 3148 Stiick
1032 3084 1102 3148 in
1146 3083 1297 3150 funs
1334 3082 1558 3147 Theile
1605 3082 1816 3170 (Acte)
1863 3064 2201 3165 g⁰etheilt.“
2287 3083 2414 3146 Vix
2455 3104 2618 3166 opus
2663 3089 2776 3165 est,

533 3197 604 3255 ut
645 3189 814 3254 hanc
858 3193 1336 3259 enarrationem
1379 3192 1774 3275 refellamus,
1835 3213 2037 3275 quare
2082 3193 2306 3256 statim
2351 3192 2510 3275 quid
2554 3191 2775 3257 Steffe-

538 3301 661 3366 nus
706 3299 791 3364 ad
834 3300 1031 3365 verba
1072 3300 1188 3367 illa
1231 3302 1619 3384 explicanda
1659 3303 1976 3387 attulerit,
2017 3296 2415 3385 spectemus.
2503 3301 2777 3387 „Nonne

530 3410 945 3478 manifestum
992 3417 1111 3494 est,
1171 3413 1511 3497 inquit**),
1555 3412 1680 3477 hoc
1725 3412 1938 3477 dicere
1985 3412 2414 3477 Euanthium:
2477 3434 2615 3495 θος,
2664 3413 2778 3496 qui

533 3520 823 3588 fabulam
877 3520 1186 3587 docerent
1244 3522 1564 3588 actoribus
1626 3523 1705 3587 de
1757 3529 1898 3589 tota
1951 3522 2178 3593 fabula
2235 3544 2343 3587 eas
2355 3574 2374 3607 ,
2433 3544 2599 3606 quae
2641 3523 2776 3589 illis

536 3630 827 3715 agendae
873 3638 1102 3715 essent,
1148 3639 1371 3715 partes
1416 3632 1866 3699 distribuisse?
1943 3673 2025 3681 —-—
2111 3634 2373 3699 Etenim
2434 3635 2776 3716 quominus

535 3741 719 3806 illam
780 3743 848 3805 in
910 3741 1196 3824 quinque
1255 3749 1477 3825 partes
1538 3743 2054 3811 distributionem
2122 3744 2384 3809 fabulae
2456 3745 2540 3809 ad
2597 3752 2774 3810 actus

534 3850 910 3935 referamuS,
941 3857 1273 3916 structura
1300 3854 1664 3918 sententiae
1691 3857 2116 3937 grammatica
2143 3854 2511 3938 prohibet.“
2563 3855 2773 3920 Etiam

531 3961 695 4026 haec
738 3960 1181 4046 interpretatio
1228 3962 1415 4029 nobis
1461 3966 1621 4028 satis
1666 3964 1878 4030 facere
1922 3987 2054 4031 non
2087 3972 2326 4049 potest3
2372 3986 2560 4030 nemo
2582 3965 2776 4049 enim,

536 4092 679 4136 cum
725 4071 924 4137 verba
965 4071 1082 4138 illa
1124 4074 1429 4158 perlegit,
1475 4095 1607 4138 non
1652 4074 1730 4139 de
1778 4074 2026 4141 actibus
2072 4077 2351 4160 cogitat,
2410 4081 2477 4140 et
2519 4081 2775 4141 senten—

536 4180 662 4247 tiae
708 4188 1039 4248 structura
1083 4184 1537 4268 grammatica,
1600 4206 1732 4267 qua
1775 4186 1944 4251 hanc
1986 4188 2587 4272 interpretationem
2629 4208 2775 4272 pro-

669 4315 717 4382 *J
752 4334 806 4387 p.
848 4321 962 4374 141.
1146 4319 1296 4386 ΙΙ”“·’)’1.
1333 4335 1377 4374 s.
1415 4336 1457 4374 s,
1495 4337 1548 4393 p.
1593 4323 1707 4376 113.
