3192 4967
1305 369 1730 436 ...22-

397 540 525 608 illis
569 542 781 607 verbis
826 540 1125 607 concludi
1168 546 1416 625 potest,
1477 540 1677 608 etiam
1720 539 1902 606 illam
1947 538 2027 603 de
2069 536 2282 604 tribus
2326 536 2649 606 actoribus

397 652 610 735 legem
669 651 751 716 ab
807 653 889 716 iis
950 651 1307 736 neglectam
1369 672 1527 717 esse.
1629 651 1757 717 Sed
1829 670 2224 734 quamquam
2279 648 2396 714 illa
2451 648 2650 714 verba

395 762 763 827 Horatiana
820 760 906 826 ad
962 763 1369 846 tragoediam
1427 761 1635 827 solam
1690 765 1987 842 spectare
2030 760 2369 842 videntur,
2427 763 2649 825 tamen

393 870 723 939 Romanos
769 878 999 937 contra
1040 873 1334 956 regulam
1377 871 1561 939 illam
1607 870 1805 938 etiam
1851 870 1920 935 in
1965 869 2297 936 comoedia
2326 889 2647 954 peccasse,

399 979 798 1048 Schmidtius
843 1002 923 1047 ex
967 1002 1041 1048 eo
1088 981 1372 1065 collegit,
1417 981 1592 1063 quod
1638 981 1980 1065 tragoedia
2020 986 2089 1044 et
2118 979 2453 1046 comoedia
2482 1000 2646 1045 com-

397 1093 580 1157 muni
623 1092 759 1158 fere
801 1093 1057 1158 vinculo
1106 1112 1433 1156 connexae
1479 1096 1669 1156 erant
1712 1095 1779 1155 et
1822 1090 1892 1154 in
1937 1095 2217 1174 utroque
2265 1111 2498 1174 genere
2543 1111 2645 1154 ex-

394 1202 664 1268 colendo
725 1200 861 1267 fere
919 1200 1161 1267 eisdem
1219 1201 1475 1286 legibus
1528 1207 1780 1267 veteres
1838 1199 2207 1267 utebantur.
2296 1200 2647 1268 Praeterea

394 1319 608 1378 autem
666 1312 1010 1377 Diomedes
1072 1312 1256 1379 illam
1316 1312 1790 1396 neglegentiam
1852 1310 2048 1378 etiam
2106 1310 2191 1375 ad
2251 1310 2647 1376 comoediam

393 1427 710 1507 spectare,
755 1421 860 1486 his
903 1419 1118 1485 verbis
1165 1420 1449 1487 ostendit
1465 1425 1554 1503 *):
1627 1421 1746 1507 „In
1792 1420 2041 1487 Graeco
2088 1420 2467 1487 dramate
2511 1420 2645 1486 fere

342 1593 347 1602 ‚
395 1537 526 1596 tres
571 1552 892 1615 personae
939 1531 1120 1598 solae
1165 1538 1372 1615 agunt
1414 1531 1693 1616 ideoque
1737 1531 2049 1597 Horatius
2096 1532 2220 1597 ait:
2271 1531 2368 1597 Ne
2413 1538 2648 1615 quarta

391 1640 576 1722 loqui
620 1661 902 1725 persona
945 1640 1220 1725 laboret,
1267 1643 1425 1726 quia
1472 1647 1710 1723 quarta
1755 1662 2008 1727 semper
2036 1648 2239 1707 muta.
2317 1640 2406 1708 At
2423 1642 2663 1707 Latini.

395 1749 749 1834 scriptores
795 1751 1161 1835 complures
1207 1773 1521 1835 personas
1566 1752 1636 1816 in
1681 1750 1938 1817 fabulas
1981 1751 2516 1836 introduxerunt,
2569 1756 2646 1816 ut

392 1859 815 1942 speciosiores
862 1859 1234 1943 frequentia
1278 1861 1635 1928 facerent.“
1701 1901 1779 1911 —
1869 1860 2177 1929 Dubitari
2235 1882 2366 1926 non
2411 1867 2643 1946 potest,

394 1970 554 2053 quin
612 1971 730 2037 illa
785 1977 1028 2055 quarta
1088 1992 1370 2054 persona
1434 1973 1606 2038 idem
1666 1971 2106 2057 significetur,
2171 1971 2345 2054 quod
2409 1971 2644 2042 Graeci
2718 1989 2726 1994 ’

394 2079 934 2166 παραχορήγημα
979 2082 1319 2167 appellare
1364 2081 1685 2150 solebant.
1774 2082 1901 2147 Sed
1946 2081 2077 2147 sive
2119 2082 2286 2149 haec
2327 2079 2527 2150 verba
2557 2080 2645 2148 ad

392 2190 686 2273 singulas
733 2212 1004 2260 scaenas
1050 2194 1203 2278 sive,
1229 2192 1404 2275 quod
1447 2199 1622 2258 certe
1666 2194 1734 2258 in
1780 2191 2109 2258 Diomedis
2152 2190 2364 2256 verbis
2406 2190 2642 2275 proba-

390 2298 589 2364 bilius
634 2301 794 2366 mihi
837 2301 1130 2387 videtur,
1191 2302 1279 2370 ad
1319 2302 1523 2369 totius
1578 2303 1848 2371 fabulae
1893 2310 2142 2370 actores
2187 2306 2482 2385 spectare
2525 2323 2642 2387 pu-

392 2417 624 2493 tamuS,
669 2412 963 2495 profecto
1008 2414 1245 2479 mirum
1289 2434 1428 2478 esse
1473 2413 1686 2506 debet,
1733 2414 1910 2496 quod
1954 2419 2256 2495 quartam
2294 2433 2641 2497 personam

393 2540 645 2602 semper
687 2528 938 2590 mutam
965 2544 1122 2589 -esse
1167 2523 1401 2590 debere
1446 2524 1792 2590 Diomedes
1837 2523 2012 2588 dicit.
2098 2522 2297 2605 Nam,
2357 2530 2428 2588 ut
2470 2543 2642 2588 nunc

392 2637 651 2698 taceam
697 2633 776 2700 de
819 2634 1152 2719 RomaniS,
1197 2655 1329 2699 non
1374 2634 1586 2700 solum
1627 2635 1795 2701 inter
1836 2633 2235 2702 Graecorum
2274 2632 2641 2700 comoedias

390 2743 753 2825 complures
815 2744 875 2808 ei
919 2728 1400 2829 obloquuntur,
1462 2745 1575 2811 sed
1634 2745 1832 2812 etiam
1878 2746 2017 2829 ipse
2058 2745 2128 2809 in
2168 2744 2408 2826 verbis,
2471 2764 2641 2828 quae

389 2872 540 2916 mox
600 2850 962 2919 afferemus,
1050 2854 1193 2932 Qua
1256 2875 1335 2920 ex
1393 2877 1463 2919 re
1508 2855 1808 2920 concludi
1850 2861 2091 2939 potest,
2147 2854 2528 2920 Diomedem
2572 2854 2642 2919 in

389 2960 541 3029 illas
600 2982 705 3027 res
764 2984 898 3027 non
957 2963 1121 3029 satis
1180 2962 1522 3048 diligenter
1589 2965 2034 3047 inquisivisse,
2107 2965 2210 3029 vel
2269 2970 2444 3030 certe
2511 2987 2642 3030 non

391 3072 553 3138 satis
600 3079 906 3139 accurate
950 3072 1029 3137 de
1073 3074 1155 3138 iis
1200 3075 1487 3139 locutum
1534 3095 1690 3139 esse.
1778 3074 1921 3152 Qua
1965 3096 2035 3139 re
2090 3076 2289 3142 etiam
2332 3076 2433 3140 illi
2476 3078 2642 3141 noti-

392 3182 556 3266 tiae,
617 3183 917 3266 pluribus
960 3184 1286 3251 Romanos
1334 3182 1665 3260 actoribus
1709 3206 1861 3250 usos
1906 3206 2047 3251 esse
2093 3208 2292 3269 quam
2338 3186 2639 3268 Graecos,

395 3315 702 3375 magnam
744 3292 939 3358 fidem
984 3293 1230 3361 habere
1274 3316 1405 3360 non
1450 3317 1824 3380 possumus,
1886 3298 2276 3380 praesertim
2319 3316 2463 3359 cum
2506 3294 2636 3357 illis

387 3403 601 3467 verbis
657 3403 1002 3470 Diomedes
1061 3404 1228 3470 nihil
1286 3405 1615 3471 studuisse
1672 3405 2004 3489 videatur,
2066 3405 2193 3470 nisi
2250 3409 2324 3467 ut
2375 3401 2635 3468 Horatii

385 3511 586 3577 verba
644 3514 1214 3597 interpretaretur,
1297 3535 1466 3598 quae
1526 3516 1614 3583 ad
1672 3515 2080 3599 tragoediam
2148 3513 2356 3579 solam
2399 3516 2492 3575 .et
2548 3511 2637 3579 ad

387 3623 758 3707 posteriora
801 3630 1063 3691 tantum
1107 3630 1406 3709 tempora
1451 3632 1748 3710 spectare
1795 3623 2155 3689 ostendisse
2197 3622 2506 3688 videmur.

555 3732 804 3799 Eodem
861 3740 1082 3801 autem
1112 3734 1330 3810 ..modo
1392 3735 1735 3821 diligentia
1800 3740 1862 3799 et
1920 3739 2236 3803 accurata
2306 3734 2635 3801 subtilitas

387 3842 793 3912 desideratur
838 3845 906 3933 in
949 3844 1200 3929 verbis„
1246 3868 1415 3930 quae
1460 3851 1721 3913 exstant
1764 3869 1826 3931 p.
1870 3845 1993 3909 491
2042 3843 2170 3930 (ed.
2216 3845 2422 3926 Keil);
2482 3849 2636 3909 sunt

388 3961 602 4033 autem
647 3954 850 4022 haec:
894 3955 1231 4041 „diverbia
1275 3965 1428 4023 sunt
1471 3962 1699 4042 partes
1742 3954 2243 4040 comoediarum,
2289 3957 2357 4019 in
2397 3953 2634 4038 quibus

519 4188 568 4256 ⁴⁸)
603 4190 724 4245 Lib.
763 4189 867 4258 111,
906 4208 960 4262 p.
999 4193 1104 4247 490
1139 4191 1223 4247 ed.
1262 4187 1408 4244 Keil.
