3192 4967
1407 481 1781 544 ...8-

640 650 766 716 Sed
810 649 1009 714 etiam
1052 648 1181 714 alio
1240 655 1622 733 argumento
1681 648 1931 715 ostendi
1987 667 2178 731 posse
2221 648 2447 731 credo,
2506 647 2573 712 in
2617 646 2708 712 di-

470 760 804 843 dascaliiS,
851 780 1029 841 ‚quas
1073 760 1355 843 inspexit
1385 761 1715 844 Donatus,
1774 761 1905 824 sive
1952 779 2255 823 numerus
2298 757 2559 823 fabulae
2603 775 2707 822 ex-

469 870 689 935 stabat
733 871 865 935 sive
909 871 1170 935 omnino
1216 871 1491 934 omissus
1535 876 1693 953 erat,
1737 868 2068 953 Adelphos
2111 888 2241 933 non
2269 889 2389 952 pro
2426 866 2709 933 secunda

464 979 690 1045 fabula
761 986 1167 1044 numeratam
1223 978 1441 1044 fuisse.
1539 979 1739 1044 Recte
1812 980 1985 1044 enim
2044 979 2340 1044 Donatus
2398 966 2708 1042 Andriam

463 1091 761 1174 primam,
805 1089 1193 1155 Eunuchum
1235 1089 1517 1171 tertiam,
1546 1089 2001 1155 Phormionem
2036 1093 2358 1172 quartam,
2387 1087 2708 1172 Hecyram

468 1201 760 1282 quintam
818 1200 992 1263 inter
1049 1197 1304 1263 fabulas
1345 1198 1775 1264 Terentianas
1835 1196 2034 1263 fuisse
2094 1197 2281 1272 dicit3
2351 1219 2484 1280 qua
2526 1198 2596 1262 in
2639 1216 2709 1261 re

380 1357 386 1363 -
465 1331 595 1375 non
640 1309 903 1392 quidem
947 1329 1091 1371 cum
1137 1307 1398 1392 ordine,
1460 1329 1588 1391 quo
1648 1308 1718 1371 in
1778 1307 2108 1373 codicibus
2165 1308 2401 1373 nostris
2446 1305 2710 1373 fabulae

467 1422 927 1499 numerantur,
971 1418 1330 1500 consentit,
1387 1418 1502 1482 sed
1545 1414 1691 1482 cut'n
1734 1417 2135 1500 temporibus
2180 1417 2450 1499 singulis
2496 1416 2708 1480 didas-

465 1526 649 1592 caliis
708 1525 1108 1610 significatis.
1219 1528 1446 1592 Restat
1506 1529 1705 1610 igitur
1775 1526 2293 1611 diiudicandum,
2357 1532 2573 1591 utrum
2640 1526 2708 1589 in

469 1635 797 1702 codicibus
843 1658 884 1702 a
928 1636 1188 1704 Donato
1236 1636 1542 1703 adhibitis
1586 1638 2329 1719 Hautontimorumenos,
2386 1635 2471 1700 ad
2516 1655 2710 1717 quam

465 1745 755 1812 fabulam
779 1747 1028 1818 Donati,
1063 1748 1563 1811 commentarius
1608 1768 1740 1812 non
1771 1752 2063 1811 servatus
2094 1751 2224 1829 est,
2268 1767 2352 1810 an
2375 1745 2712 1829 Adelphoe

465 1868 585 1939 pro
646 1857 930 1933 secunda
987 1855 1211 1921 fabula
1262 1861 1607 1920 numerata
1663 1856 1879 1921 fuerit.
1969 1853 2129 1920 Cum
2171 1876 2322 1921 vero
2365 1855 2712 1920 Hautonti-

465 1989 890 2033 morumenon
949 1965 1298 2031 secundam
1355 1965 1645 2031 fabulam
1704 1965 1905 2029 fuisse
1974 1986 2053 2029 ex
2110 1965 2446 2030 consulum
2504 1966 2706 2029 nomi-

467 2077 658 2141 nibus
704 2075 1078 2141 didascaliis
1122 2076 1382 2141 traditis
1427 2079 1701 2158 constet,
1748 2075 1893 2157 quis
1926 2074 2170 2158 credat,
2215 2074 2445 2137 ceteris
2468 2072 2707 2164 fabulis

465 2207 541 2250 eo
590 2186 844 2269 ordine,
907 2206 1033 2267 quo
1081 2191 1258 2250 actae
1302 2206 1440 2249 esse
1485 2184 1813 2269 videntur,
1857 2184 2251 2268 numeratiS‚
2296 2184 2362 2247 in
2407 2183 2531 2249 hac
2574 2203 2707 2248 una

465 2294 689 2360 fabula
711 2295 897 2359 illum
930 2293 1222 2359 ordinem
1251 2294 1617 2378 neglectum
1649 2315 1921 2378 eamque
1949 2314 2069 2378 pro
2100 2300 2279 2359 sexta
2300 2298 2708 2360 numeratam

469 2404 714 2469 fuisse?

635 2511 762 2578 Sed
805 2515 955 2578 huic
999 2515 1544 2597 argumentationi
1610 2504 1877 2597 obloqui
1934 2515 2211 2596 videtur,
2270 2513 2448 2597 quod
2490 2515 2561 2579 in
2605 2534 2705 2578 co-

473 2623 614 2688 dice
660 2624 1031 2689 Victoriano
1093 2631 1154 2689 et
1194 2624 1574 2708 DecurtatO,
1634 2624 1749 2708 qui
1810 2645 1889 2689 ex
1947 2623 2183 2689 Donati
2228 2624 2706 2689 commentariis

467 2733 790 2798 emendati
835 2754 975 2798 esse
1019 2734 1349 2817 videntur,
1407 2733 1530 2798 hoc
1574 2734 1802 2799 ordine
1846 2734 2103 2799 fabulae
2162 2754 2303 2799 sese
2347 2735 2706 2816 excipiunt:

462 2841 732 2925 Andria,
775 2841 1132 2925 Adelphoe,
1178 2841 1551 2927 Eunuchus,
1594 2843 1921 2928 Phormi0‚
1954 2844 2706 2927 HautontimorumenOS,

460 2951 733 3037 Hecyra.
821 2953 1033 3031 Quare
1056 2951 1612 3035 Umpfenbachius
1627 2954 1689 3039 ³¹⁶)
1728 2956 2095 3038 suspicatus
2128 2959 2248 3037 est,
2292 2952 2509 3037 verba,
2539 2972 2706 3034 quae

463 3066 724 3126 exstant
778 3064 847 3128 in
889 3062 1180 3147 Hecyrae
1206 3055 1213 3061 ⁵
1240 3062 1679 3147 praefatione:
1739 3063 2087 3147 „factaque
2148 3068 2214 3127 et
2258 3063 2431 3127 edita
2473 3063 2705 3144 quinto

460 3173 647 3237 loco“
690 3191 770 3237 ex
814 3177 1186 3238 correctura
1231 3174 1452 3258 aliqua
1494 3178 1641 3237 orta
1684 3195 1842 3255 esse,
1888 3194 2034 3238 cum
2077 3172 2577 3238 commentarius
2624 3172 2708 3236 ad

461 3283 1208 3356 Hautontimorumenon
1251 3285 1380 3349 iam
1426 3281 1803 3359 excidisset3
1848 3261 2213 3366 antiquitus
2259 3288 2479 3348 autem
2514 3282 2707 3347 etiam

462 3394 532 3455 in
588 3392 712 3455 hac
768 3391 1174 3477 praefatione
1228 3393 1548 3476 Hecyram
1604 3414 1725 3476 pro
1786 3399 1967 3457 sexta
2026 3392 2253 3459 fabula
2296 3396 2704 3457 numeratam

460 3500 680 3565 fuisse.
769 3502 889 3566 Oui
959 3504 1371 3568 coniecturae
1444 3520 1809 3586 repugnare
1888 3524 2020 3567 non
2086 3502 2331 3583 audeo,
2392 3521 2545 3565 nam
2608 3521 2705 3584 ea,

461 3631 851 3693 quamquam
893 3612 962 3676 in
1007 3612 1377 3677 didascaliis
1436 3611 1667 3676 horum
1728 3610 2018 3675 codicum
2074 3610 2271 3675 iidem
2314 3610 2567 3676 numeri
2611 3612 2706 3675 in-

463 3722 837 3804 veniuntur,
898 3729 1089 3803 atque
1145 3722 1214 3785 in
1272 3728 1635 3786 ceterorum
1679 3721 1973 3786 codicum
2018 3720 2389 3787 didascaliis
2408 3770 2424 3803 ,
2485 3726 2707 3785 tamen

466 3832 612 3896 aliis
658 3852 914 3914 quoque
959 3831 1358 3914 argumentis
1403 3829 1769 3897 confirmari
1828 3837 2063 3915 potest.
2148 3831 2228 3895 ln
2271 3831 2488 3897 codice
2533 3830 2703 3894 enim

461 3942 753 4023 Danieii,
801 3942 912 4023 qui
957 3938 1221 4011 exhibet
1263 3942 1504 4008 Donati
1549 3944 2067 4027 commentariOS‚
2110 3942 2273 4005 haec
2314 3939 2704 4022 subscriptio

465 4063 673 4115 exstat
757 4055 817 4115 in
893 4053 1064 4145 calce
1121 4051 1437 4117 Andriae:
1530 4052 1730 4118 APLI
1789 4052 1987 4139 (Aeli)
2045 4049 2389 4116 DONATI.
2442 4049 2520 4115 V.
2579 4047 2701 4114 CL.

609 4291 649 4343 *1
693 4291 749 4339 in
789 4287 873 4343 ed*
913 4287 1120 4342 Terent.
1159 4304 1214 4357 p.
1252 4285 1372 4339 XL.
