3192 4967
1361 534 1445 548 ...
1529 496 1617 565 45
1704 534 1783 549 ..-

448 665 718 752 videtur,
761 668 1051 734 indicata
1094 675 1162 733 et
1202 667 1536 751 patefacta
1579 674 1696 734 est.
1717 706 1801 715 —
1844 669 2117 735 Lacheti
2162 668 2335 734 enim
2377 670 2446 735 in
2473 668 2693 735 codice

446 777 761 843 Bembino
804 780 874 843 in
920 778 1171 845 duabus
1211 779 1482 865 scaenis,
1527 798 1697 862 quae
1740 779 2062 863 incipiunt
2104 800 2145 843 a
2186 801 2242 843 v,
2292 779 2414 842 198
2447 785 2514 844 et
2546 780 2692 843 243.

452 887 517 950 B
560 887 852 953 litteram
896 887 984 955 ad
1028 895 1313 954 actorem
1369 888 1865 973 significandum
1923 890 2291 974 appositam
2336 909 2476 954 esse
2519 889 2693 954 inve-

446 998 682 1082 nimuS‚
726 998 796 1062 in
835 1000 1067 1064 ceteris
1113 1005 1335 1065 autem
1380 999 1631 1064 scaenis
1676 999 1902 1065 eadem
1946 1019 2246 1083 persona,
2309 999 2365 1063 si
2407 998 2690 1063 codicem
2725 983 2732 986 ¹

448 1127 831 1193 sequamur,
892 1110 1132 1194 actori,
1194 1110 1309 1193 qui
1365 1110 1435 1175 Γ
1480 1109 1699 1175 littera
1757 1107 2194 1194 significatur,
2252 1108 2506 1174 tributa
2564 1115 2696 1191 est3

446 1238 600 1283 nam
644 1218 713 1283 in
773 1239 1038 1304 scaena,
1099 1240 1266 1302 quae
1310 1220 1544 1303 incipit
1601 1241 1641 1283 a
1682 1241 1737 1283 v,
1784 1219 1945 1301 451,
2010 1218 2076 1283 B
2119 1220 2372 1304 littera,
2431 1226 2502 1284 ut
2544 1219 2693 1283 aliis

447 1347 704 1410 quoque
777 1329 989 1394 causis
1064 1329 1506 1405 demonstrari,
1561 1335 1814 1415 potest,
1892 1331 1966 1394 in
2033 1328 2103 1393 Γ
2163 1329 2482 1393 mutanda
2551 1348 2692 1394 esse

444 1436 702 1502 videtur
716 1439 798 1524 ²⁸).
885 1437 999 1504 Sin
1057 1444 1276 1504 autem
1340 1460 1486 1504 cum
1555 1440 1661 1503 his
1732 1440 1967 1505 litteris
2027 1438 2297 1505 Lacheti
2353 1439 2691 1523 asscriptis

445 1567 554 1612 eas
600 1568 1072 1633 comparamuS‚
1138 1570 1306 1632 quae
1352 1549 1730 1615 Victoriano
1775 1549 1994 1614 codice
2037 1548 2410 1633 traduntur,
2455 1550 2694 1614 mirum

447 1677 588 1721 esse
633 1656 846 1743 debet,
894 1664 1208 1741 quantam
1253 1660 1741 1725 consensionem
1787 1666 1849 1725 et
1892 1665 2274 1725 concentum
2318 1660 2492 1723 inter
2537 1659 2690 1734 duo-

441 1777 586 1831 rum
641 1767 902 1833 illorum
965 1768 1257 1835 codicum
1321 1776 1511 1835 notas
1576 1791 1711 1835 non
1771 1771 1841 1833 in
1906 1768 2065 1853 ipsis
2135 1768 2375 1834 litteris
2443 1769 2557 1834 sed
2621 1770 2692 1833 in

447 1879 949 1943 commutatione
993 1879 1360 1944 litterarum
1405 1881 1825 1944 inveniamus.
1893 1879 1969 1943 In
2014 1879 2259 1943 eisdem
2303 1880 2474 1943 enim
2518 1900 2693 1945 scae-

437 1988 576 2071 nis,
636 1989 708 2052 in
764 1988 999 2071 quibus
1042 1990 1395 2055 Lachetem
1459 1990 1524 2053 B
1582 1990 1810 2055 littera
1863 1988 1932 2054 in
1989 1989 2303 2054 Bembino
2361 1990 2688 2073 signatum

439 2117 580 2162 esse
623 2098 930 2183 vidimus,
975 2099 1201 2165 littera
1244 2101 1313 2162 Α
1353 2100 1625 2168 Lacheti
1667 2101 1738 2163 in
1782 2099 2158 2165 Victoriano
2203 2100 2526 2181 asscripta
2567 2105 2691 2185 est,

441 2208 508 2271 in
553 2209 786 2273 ceteris
833 2215 1043 2273 autem
1089 2211 1339 2274 scaenis
1383 2217 1455 2275 ut
1496 2211 1565 2274 in
1608 2209 1924 2275 Bembino
1957 2210 2034 2294 Γ,
2078 2211 2174 2275 ita
2217 2211 2287 2274 in
2316 2209 2689 2274 Victoriano

440 2316 508 2380 B
553 2317 794 2382 littera.
883 2319 1027 2383 Huc
1072 2320 1346 2405 accedit,
1409 2320 1583 2402 quod
1628 2319 1800 2385 idem
1853 2326 2069 2404 actor,
2135 2320 2250 2403 qui
2307 2320 2377 2384 in
2433 2319 2687 2386 duabus

434 2426 567 2492 illis
614 2428 863 2494 scaenis
898 2427 1014 2512 (ΙΙ,
1036 2430 1068 2493 1
1101 2435 1165 2495 et
1190 2430 1273 2514 II,
1306 2430 1374 2517 2)
1403 2429 1712 2494 Lachetis
1743 2436 1964 2514 partes
2008 2431 2365 2514 suscepisse
2409 2430 2686 2513 videtur,

433 2536 502 2602 in
528 2538 676 2603 aliis
723 2540 969 2604 scaenis
988 2539 1322 2625 Pamphili
1349 2560 1697 2622 personam
1737 2545 1803 2604 et
1833 2542 1901 2605 in
1926 2539 2240 2605 Bembino
2278 2546 2346 2604 et
2373 2540 2442 2605 in
2470 2539 2686 2605 Victo-

433 2648 618 2713 riano
663 2650 809 2731 egit.
876 2649 1172 2716 Profecto
1205 2651 1375 2715 hanc
1412 2671 1550 2714 rem
1575 2668 1734 2716 casu
1778 2650 1878 2715 vel
1921 2650 2213 2716 fortuitis
2258 2650 2678 2716 librariorum

338 2779 345 2788 ·
439 2758 767 2823 erroribus
798 2756 1034 2825 factam
1078 2781 1237 2844 esse,
1285 2761 1462 2825 credi
1492 2762 1736 2844 nequit,
1783 2767 1845 2825 et
1872 2781 1954 2825 ne
1999 2761 2376 2826 correctoris
2422 2760 2686 2843 quidem

437 2888 638 2932 manu
694 2868 847 2932 talis
908 2889 1259 2935 consensus
1316 2870 1385 2936 in
1444 2891 1682 2954 magna
1738 2870 1854 2936 illa
1896 2878 2201 2937 notarum
2245 2869 2688 2956 discrepantia

437 2976 607 3043 effici
649 2979 889 3064 potuit,
935 2980 1064 3045 nisi
1106 2980 1277 3045 forte
1316 3001 1462 3046 eum
1509 3001 1656 3046 cum
1701 2980 2043 3064 diligentia
2087 2980 2372 3064 quadam
2414 2982 2683 3065 ineptis-

435 3087 601 3152 sima
644 3095 711 3154 et
752 3089 1123 3156 incredibili
1180 3091 1543 3175 corrigendi
1603 3092 1820 3158 studio
1874 3091 2131 3157 litteras
2187 3092 2350 3157 illas.
2393 3098 2683 3157 mutasse

435 3202 774 3281 putamus,
821 3199 1019 3283 idque
1062 3201 1186 3284 ita,
1230 3208 1307 3267 ut
1346 3204 1414 3266 in
1457 3203 1606 3285 ipsa
1647 3202 2010 3267 mutatione
2054 3206 2437 3267 concentum
2481 3221 2679 3284 quen-

436 3307 586 3373 dam
629 3316 935 3375 servaret.
1020 3297 1435 3378 Paucissimis
1494 3319 1706 3377 autem
1763 3312 2051 3380 mutatis,
2076 3333 2156 3377 ex
2197 3311 2534 3394 utriusque
2576 3332 2682 3379 co-

435 3416 595 3483 dicis
654 3419 893 3485 litteris
965 3438 1392 3503 personarum
1451 3421 1825 3488 distributio
1893 3423 2032 3488 erui
2094 3427 2350 3507 potest,
2422 3422 2680 3488 diversa

432 3529 714 3613 quidem,
759 3529 872 3596 sed
915 3531 1262 3616 eiusmodi,
1307 3537 1382 3595 ut
1424 3553 1556 3597 non
1601 3533 1877 3598 alteram
1904 3552 2122 3598 veram
2157 3535 2429 3599 alteram
2458 3540 2680 3604 autem

435 3645 810 3722 corruptam
855 3661 969 3706 seu
1010 3643 1446 3708 recensionem
1490 3645 1776 3727 aliquam
1810 3662 2186 3728 perpessam
2217 3664 2357 3710 esse
2383 3649 2674 3710 statuere

427 3748 662 3833 possis,
748 3749 919 3828 Quid
977 3773 1128 3836 ergo
1188 3753 1267 3818 de
1324 3752 1576 3820 duabus
1634 3775 2061 3839 personarum
2105 3753 2675 3822 distributionibus

564 4054 612 4119 ¹¹')
648 4052 784 4108 Cum
831 4055 976 4110 enim
1020 4055 1076 4109 in
1124 4058 1325 4112 scaenis
1341 4098 1357 4124 ,
1420 4076 1555 4130 quae
1616 4060 1964 4126 antecedunt,
2030 4056 2344 4132 Pamphilus
2391 4063 2445 4112 B
2492 4060 2672 4117 littera

429 4135 669 4207 signetur
714 4149 769 4194 et
815 4141 942 4196 inde
986 4141 1054 4195 ab
1102 4141 1254 4196 initio
1301 4143 1447 4197 tertii
1483 4151 1630 4199 actus
1667 4162 1915 4199 scaenam
1949 4163 2060 4199 non
2093 4145 2389 4218 relinquat,
2431 4156 2665 4224 apparet,

430 4239 606 4277 errore
642 4223 843 4279 librarii
878 4226 964 4281 hic
1000 4233 1055 4281 et
1089 4227 1145 4281 in
1182 4244 1373 4282 scaena
1406 4230 1651 4299 proxima
1684 4240 1737 4288 J·
1767 4231 2002 4286 litteram
2045 4248 2142 4302 pro
2180 4237 2231 4284 Β
2268 4230 2551 4303 Pamphilo
2587 4250 2672 4287 as-

431 4308 676 4380 scriptam
712 4328 842 4364 esse.
