3192 4967
1319 455 1739 521 ...29.-

403 626 849 692 tantummodo
887 622 1199 692 traditum
1244 647 1403 708 esse,
1451 647 1490 689 a
1536 626 1773 709 quibus
1822 633 1887 690 et
1934 647 2063 708 quo
2094 630 2387 707 tempore
2417 623 2652 688 tertius

404 744 577 804 actor
619 736 924 802 inductus
971 742 1037 800 et
1081 736 1426 802 institutus
1474 738 1556 803 sit
1601 756 1828 819 nempe
1869 737 1934 801 in
1975 734 2315 819 tragoedia
2348 734 2649 817 aSopho·

404 849 532 931 cle,
593 850 658 913 in
703 848 1065 931 comoedia,
1127 854 1198 913 ut
1239 846 1534 930 videtur,
1597 870 1639 914 a
1686 845 1972 912 Cratino.
2061 845 2189 911 Sed
2232 846 2362 910 iam
2406 844 2652 909 Aristo·-

400 960 603 1043 phani
647 960 715 1022 in
738 958 1160 1023 Aeolosicone
1194 956 1461 1022 chorum
1492 979 1624 1022 non
1654 978 2029 1022 concessum
2062 955 2259 1021 fuisse
2288 953 2649 1037 traditur.*)

405 1069 650 1153 Quare,
710 1068 1040 1133 concludit
1070 1066 1443 1152 ‚Steffenus,
1501 1067 1661 1151 quid
1704 1046 2153 1152 verisimilius,
2214 1087 2446 1149 quam,
2507 1086 2652 1130 cum

401 1182 634 1261 poetae
680 1178 951 1243 chorum
995 1200 1124 1243 non
1168 1176 1512 1260 haberent,
1571 1178 1791 1262 illum,
1852 1177 1966 1260 qui
2027 1184 2221 1243 antea
2262 1175 2650 1260 parachore-

402 1291 672 1373 gematis
697 1288 910 1354 officio
928 1288 1185 1353 functus
1211 1293 1375 1371 erat,
1393 1295 1700 1371 quartum
1722 1287 2004 1353 actorem
2027 1287 2390 1371 legitimum
2405 1286 2651 1351 factum

404 1401 591 1464 esse?
670 1400 814 1464 Huc
858 1420 1063 1482 usque
1109 1397 1434 1462 consentit
1479 1419 1625 1463 cum
1668 1398 2133 1483 Fritschio**),
2200 1397 2315 1461 sed
2360 1418 2503 1461 cum
2544 1395 2652 1459 hic

408 1510 743 1593 quintum,
819 1531 1010 1591 quem
1061 1513 1522 1577 commemorat
1579 1507 1987 1589 EuanthiuS,
2048 1513 2335 1574 actorem
2398 1524 2651 1588 semper

405 1620 953 1701 parachoregema
1009 1610 1208 1683 fuisse
1237 1620 1495 1703 credit,
1557 1618 1898 1701 SteffenuS,
1958 1640 2103 1684 cum
2160 1638 2465 1682 numerus
2509 1638 2651 1700 per-

407 1749 712 1793 sonarum
757 1750 1010 1811 semper
1063 1729 1271 1811 magis
1315 1731 1651 1813 magisque
1697 1735 1928 1795 auctus
1974 1733 2169 1812 esset,
2229 1729 2419 1792 etiam
2478 1727 2651 1792 illius

404 1840 553 1904 novi
600 1839 1230 1923 paraohoregematis
1275 1839 1417 1904 loco
1466 1840 1766 1921 quintum
1810 1839 1944 1902 illis
1978 1844 2256 1920 quatuor
2286 1837 2651 1921 legitimum

358 1955 684 2013 'actorem
752 1949 1056 2032 additum¹
1113 1972 1285 2035 esse,
1347 1952 1639 2014 coniecit.
1726 1950 1804 2014 In
1859 1950 1984 2013 hac
2035 1969 2107 2012 re
2168 1948 2380 2012 adhuc
2438 1948 2648 2012 Euan-

404 2058 530 2123 thii
589 2059 957 2124 testimonio
1011 2061 1135 2125 niti
1182 2065 1412 2143 potest.
1502 2060 1668 2124 Nam
1728 2078 1873 2123 cum
1918 2058 2024 2123 hic
2067 2058 2524 2142 grammaticus
2570 2056 2648 2120 de

407 2169 694 2250 quinque
751 2170 1074 2234 actoribus
1133 2152 1203 2232 in
1269 2169 1601 2233 comoedia
1659 2168 1911 2234 Graeca
1967 2168 2280 2234 adhibitis
2324 2168 2647 2249 loquatur,

405 2278 564 2361 quid
601 2278 1014 2343 verisimilius
1025 2328 1043 2360 ,
1106 2299 1302 2360 quam
1343 2279 1528 2342 illum
1575 2285 1863 2344 actorum
1906 2300 2243 2344 numerum
2286 2278 2649 2359 legitimum

403 2388 602 2453 fuisse
662 2389 731 2453 in
788 2388 1005 2465 media
1047 2388 1149 2452 vel
1210 2409 1377 2453 nova
1432 2388 1814 2454 comoedia?
1901 2388 2028 2453 Sed
2072 2386 2391 2453 Steffenus
2436 2388 2651 2471 pergit

403 2499 472 2562 in
533 2498 975 2563 coniectando.
1064 2499 1332 2563 Praeter
1387 2499 1506 2564 hos
1567 2499 1743 2562 enim
1807 2499 2094 2582 quinque
2154 2503 2406 2563 actores
2452 2497 2651 2561 etiam

405 2609 584 2674 aliud
627 2607 1195 2693 parachoregema,
1240 2607 1308 2672 id
1355 2615 1454 2674 est
1486 2615 1739 2674 sextum
1776 2613 2081 2690 actorem,
2126 2630 2257 2672 non
2286 2606 2649 2700 legitimum

407 2720 697 2803 quidem,
744 2720 890 2803 sed,
948 2725 1024 2783 ut
1068 2715 1389 2784 Steffenus
1431 2725 1659 2803 putat,
1706 2738 2080 2784 concessum
2124 2739 2164 2781 a
2208 2739 2410 2783 novae
2455 2717 2647 2782 Grae-

403 2850 623 2894 corum
667 2831 1037 2895 comoediae
1081 2830 1293 2914 poetis
1336 2836 1720 2913 usurpatum
1766 2835 1831 2894 et
1874 2831 1941 2894 in
1981 2850 2279 2895 scaenam
2309 2829 2645 2920 inductum

367 2960 561 3027 lesse,
607 2939 856 3006 statuit.
946 2939 1131 3015 Quod
1176 2960 1573 3022 quamquam
1617 2961 1747 3003 non
1790 2961 2057 3026 prorsus
2101 2938 2500 3005 reiciendum
2546 2943 2646 3005 est

405 3055 472 3111 et
511 3048 650 3112 fieri
706 3050 955 3132 potuit,
1017 3054 1236 3114 tamen
1289 3051 1358 3113 in
1415 3072 1595 3115 mera
1652 3051 2058 3135 coniectura,
2114 3051 2294 3116 nullo
2354 3051 2642 3114 veterum

405 3157 770 3236 testimonio
816 3158 1073 3242 adjuta,
1130 3158 1300 3223 hanc
1359 3181 1495 3224 rem
1552 3161 1829 3244 positam
1888 3182 2059 3245 esse,
2133 3160 2485 3225 tenendum
2530 3165 2640 3223 est.

403 3265 601 3331 Suam
657 3272 868 3331 autem
927 3270 1349 3352 sententiam,
1419 3272 1709 3355 quinque
1768 3276 2042 3336 actores
2086 3269 2155 3333 in
2213 3288 2382 3336 nova
2445 3268 2642 3333 Grae-

350 3380 354 3384 ’
403 3397 624 3442 corum
677 3378 1010 3442 comoedia
1067 3386 1413 3463 usurpatos
1471 3401 1644 3466 esse,
1720 3380 1898 3446 haud
1954 3381 2217 3445 minime
2277 3377 2643 3465 confirmari

401 3490 468 3549 et
524 3486 1035 3568 probabiliorem
1106 3488 1248 3554 fieri
1308 3488 1630 3556 Steffenus
1690 3491 1908 3573 addit,
1999 3512 2110 3575 eo,
2182 3489 2358 3573 quod
2419 3511 2639 3555 omnes

342 3666 346 3671 ⁵
399 3594 657 3661 fabulae
700 3598 1036 3664 Plautinae
1089 3605 1349 3681 praeter
1392 3601 1757 3667 Rudentem
1816 3608 1877 3667 et
1932 3601 2291 3666 Poenulum
2350 3608 2416 3666 et
2458 3621 2641 3684 prae-

396 3712 582 3773 terea
649 3728 727 3770 ex
795 3710 1199 3775 Terentianis
1268 3710 1521 3794 Hecyra
1588 3718 1654 3776 et
1721 3712 2479 3796 HautontimorumenOS,
2564 3717 2641 3776 ut

399 3815 794 3881 Schmidtius
841 3818 1147 3899 ostendit,
1193 3840 1233 3882 a
1271 3822 1484 3900 quinis
1532 3822 1861 3885 actoribus
1893 3823 1999 3904 agi
2023 3823 2406 3906 potuissent.
2453 3821 2636 3886 Post-

400 3948 597 4011 quam
643 3927 763 4012 ita,
809 3934 1125 4011 quantum
1171 3926 1312 3991 fieri
1354 3930 1591 4013 potuit,
1639 3951 1975 3995 numerum
2021 3938 2316 3998 actorum
2359 3933 2429 3995 in
2471 3952 2637 3998 nova

531 4190 578 4260 ⁴⁸)
617 4192 684 4244 cf.
722 4188 992 4245 Platonios
1028 4207 1081 4261 p.
1122 4188 1204 4243 XI
1239 4190 1324 4243 ed.
1362 4188 1631 4247 Kuester.·

496 4275 577 4343 ”J
614 4275 860 4334 Quatuor
893 4274 1042 4346 leges
1079 4275 1350 4331 scaenicae
1385 4295 1438 4349 p.
1479 4281 1563 4332 29.
