3192 4967
1378 400 1802 467 -26-

470 576 578 637 tae
624 576 807 655 sunt,
862 572 1061 636 etiam
1119 591 1392 636 scaenae
1438 570 1797 637 desiderari
1841 578 2152 660 possunt,
2211 594 2374 657 quas
2419 579 2494 638 ut
2539 574 2719 639 omit-

465 688 668 766 teret,
726 684 989 767 poetam
1048 680 1230 747 nullo
1289 682 1482 748 modo
1540 684 1712 747 ratio
1769 684 1839 747 in
1899 686 2195 767 personis
2256 683 2718 749 distribuendis

465 791 769 859 adhibita
822 812 1222 857 commovere
1281 792 1525 876 potuit,
1586 794 1770 860 cuius
1814 801 1913 859 rei
1958 815 2103 858 cum
2160 794 2369 859 multa
2419 795 2720 877 exempla

468 904 689 971 afferri
730 907 1028 989 possunt,
1077 908 1215 966 tum
1233 899 1619 988 Steffenus*)
1664 926 1796 969 uno
1844 924 1986 969 eam
2033 904 2437 970 ostendit.——
2485 905 2718 971 Secun-

471 1016 624 1080 dum
668 1020 882 1080 autem
927 1018 1403 1097 argumentum,
1448 1012 1627 1095 quod
1671 1013 2069 1080 Schmidtius
2118 1037 2197 1080 ex
2239 1016 2509 1084 Poenuli
2553 1016 2714 1098 prol.

465 1147 523 1191 v.
573 1124 695 1189 125
739 1130 806 1189 et
855 1124 1011 1188 127:
1056 1121 1215 1207 „Ibo
1265 1121 1433 1187 alius
1477 1143 1651 1187 nunc
1695 1122 1840 1189 fieri
1881 1124 2071 1189 volo“
2120 1132 2187 1190 et
2229 1126 2414 1212 „Ego
2460 1126 2569 1192 ibo
2615 1149 2712 1192 or-

466 1234 716 1302 nabor“
777 1235 1083 1318 sumpsit,
1130 1230 1307 1297 haud
1349 1253 1657 1317 magnam
1699 1234 1829 1298 vim
1872 1234 2117 1302 habere
2163 1235 2510 1319 concedeS,
2571 1257 2718 1302 cum

467 1346 645 1411 haud
677 1366 840 1429 opus
886 1345 988 1426 sit,
1033 1348 1128 1425 ut,
1175 1344 1230 1407 si
1259 1348 1568 1427 prologus
1604 1349 1836 1428 postea
1864 1343 2027 1410 alias
2061 1351 2286 1430 partes
2319 1346 2473 1430 egit,
2520 1348 2719 1428 etiam

467 1458 535 1522 in
578 1456 726 1540 ipsa
769 1453 991 1518 fabula
1022 1453 1385 1536 complures
1426 1460 1647 1537 partes
1692 1452 1774 1519 ab
1821 1477 1950 1521 uno
1987 1462 2208 1521 actore
2254 1457 2711 1540 suscipiantur.

465 1567 760 1649 Denique
804 1564 968 1631 haec
1018 1563 1199 1628 addit
1241 1562 1768 1645 Schmidtius**):
1827 1565 2087 1650 „Alles,
2144 1587 2274 1631 was
2336 1568 2451 1631 wir
2496 1568 2718 1634 bisher

464 1675 818 1760 angefiihrt
859 1672 1096 1757 haben,
1141 1672 1355 1737 lieiert
1400 1673 1569 1738 wohl
1616 1673 2024 1759 hinlanglich
2072 1676 2194 1741 den
2238 1678 2520 1760 Beweis,
2565 1679 2717 1744 dass

462 1786 707 1853 sowohl
767 1789 1026 1850 'aussere
1073 1785 1170 1847 als
1234 1785 1458 1847 innere
1502 1783 1782 1849 Zeichen
1841 1806 2055 1870 genug
2112 1786 2493 1852 verbanden
2539 1790 2705 1869 sind,

462 1898 569 1962 die
613 1918 736 1962 uns
785 1895 888 1958 die
932 1894 1441 1980 Uebertragung
1476 1895 1667 1978 je‘ner
1709 1894 1818 1959 bei
1863 1895 1989 1959 den
2036 1894 2358 1962 Griechen
2404 1883 2711 1963 iiblichen

458 2001 975 2088 Beschrankung
1049 2004 1118 2070 in
1179 2004 1294 2070 der
1353 2003 1966 2090 Schauspielerzahl
2038 2006 2149 2070 aut
2222 2007 2326 2072 die
2392 2005 2716 2074 romische
2825 2101 2829 2105 ὴ

460 2116 690 2183 Biihne
735 2114 919 2179 mehr
965 2114 1066 2181 als
1094 2113 1636 2179 wahrscheinlich
1682 2115 1969 2181 macheu.
2057 2117 2187 2181 Zur
2225 2117 2510 2182 Evidenz
2555 2119 2717 2184 wird

464 2228 641 2293 diese
686 2224 1061 2307 Annahme,
1106 2245 1293 2288 wenn
1335 2227 1485 2308 wir,
1531 2226 1650 2289 wie
1695 2229 1918 2308 sp'ater
1962 2227 2326 2310 geschehen
2370 2228 2552 2311 wird,
2599 2230 2715 2294 das

462 2356 973 2422 angenommene
1014 2335 1278 2418 Princip
1325 2358 1411 2404 an
1456 2336 1582 2401 den
1643 2337 1980 2401 einzelnen
2025 2336 2310 2403 Stiicken
2370 2338 2481 2405 des
2523 2339 2713 2404 Plau·

459 2455 566 2514 tus
600 2447 760 2513 -und
820 2447 1065 2511 Terenz
1127 2447 1228 2513 als
1300 2444 1784 2511 durchfiihrbar
1856 2446 2272 2514 darstellen.“
2368 2448 2585 2526 Quid?
2644 2450 2712 2516 Si

465 2559 828 2642 complures
889 2577 1204 2640 personae
1251 2557 1335 2623 ab
1380 2552 1510 2621 uno
1558 2563 1777 2622 actore
1829 2558 2072 2642 suscipi
2114 2565 2419 2643 possunt,
2478 2558 2598 2623 hac
2638 2578 2710 2623 re

461 2670 659 2735 etiam
702 2670 827 2735 hoc
856 2670 1099 2735 factum
1130 2690 1271 2734 esse
1307 2667 1697 2751 ostenditur,
1744 2668 1832 2734 ad
1863 2668 2254 2732 evidentiam
2284 2651 2709 2753 perducitur?

463 2781 709 2845 Eodem
768 2782 905 2845 iure
976 2781 1173 2845 etiam
1230 2780 1300 2842 in
1370 2784 1746 2845 nostrorum
1819 2782 2163 2862 poetarum
2231 2779 2589 2864 tragoediis
2649 2786 2714 2845 et

461 2891 809 2956 comoediis
835 2890 1110 2955 eundem
1155 2911 1397 2953 morem
1443 2890 1512 2953 in
1532 2889 1829 2971 personis
1854 2887 2323 2953 distribuendis
2348 2890 2711 2957 adhibitum

466 3023 607 3068 esse
648 3001 750 3076 vel
776 3000 1094 3065 adhiberi
1139 3000 1431 3064 conicere
1477 3001 1710 3082 possis,
1758 3020 1902 3062 cum
1946 2997 2121 3063 haud
2169 3001 2413 3064 multae
2459 3007 2714 3066 exstent

462 3107 760 3195 fabulae,
825 3112 983 3193 quin
1027 3111 1095 3174 in
1141 3110 1221 3175 iis
1281 3108 1643 3193 complures
1699 3128 2017 3192 personae
2074 3110 2189 3173 uni
2249 3112 2456 3177 actori
2513 3093 2748 3177 ’01111111

463 3225 735 3308 possint.

630 3333 1034 3415 Quamquam
1081 3331 1284 3414 igitur
1327 3330 1462 3395 illis
1488 3330 1893 3413 argumentis
1942 3327 2021 3392 de
2066 3330 2530 3394 distributione
2572 3349 2715 3410 per-

468 3464 776 3510 sonarum
821 3442 1249 3507 Schmidtium
1307 3441 1470 3505 nihil
1530 3439 1893 3504 ostendisse
1938 3444 2004 3502 et
2047 3419 2360 3521 probasse
2416 3436 2714 3519 vidimus,

462 3561 683 3619 tamen
727 3572 900 3616 nunc
944 3550 1114 3614 hanc
1157 3572 1315 3634 rem,
1362 3550 1439 3614 de
1486 3570 1619 3629 qua
1662 3548 1836 3612 infra
1867 3546 2233 3612 accuratius
2279 3544 2466 3614 nobis
2503 3546 2715 3611 dicen-

462 3664 618 3729 dum
663 3663 818 3747 erit,
878 3659 1305 3726 concedamus
1354 3665 1420 3722 et
1464 3658 1638 3721 viam
1681 3677 1757 3720 ac
1802 3656 2122 3720 rationem
2167 3676 2207 3720 a
2252 3656 2603 3723 Schmidtio
2649 3659 2718 3722 in

470 3772 936 3840 distribuendis
982 3768 1279 3854 personis
1325 3774 1392 3833 et
1437 3773 1737 3856 actorum
1783 3787 2051 3832 numero
2078 3765 2443 3834 definiendo
2488 3768 2718 3853 proba-

467 3894 598 3951 tam
644 3902 1088 3965 summamque
1135 3880 1272 3946 eius
1301 3879 1886 3965 argumentationis
1933 3880 2390 3944 examinemus
2478 3877 2555 3941 In
2599 3878 2721 3942 hac

474 4017 546 4061 re
591 3994 964 4084 indaganda
1009 4014 1088 4058 ea
1131 3993 1236 4057 via
1291 4013 1676 4076 progressus
1722 3996 1840 4076 est,
1888 4009 2054 4073 quae
2101 4012 2143 4055 a
2184 3989 2340 4054 viris
2400 3987 2609 4052 doctis
2654 3989 2722 4055 111

603 4148 650 4211 *)
687 4147 722 4201 l.
764 4163 810 4200 s.
847 4164 888 4200 s.
931 4163 984 4215 p.
1030 4149 1142 4199 114.
1184 4162 1263 4215 sq.

564 4231 639 4296 ”J
675 4230 712 4285 l.
752 4247 794 4285 s.
836 4248 880 4283 s·
918 4247 969 4299 p.
1015 4233 1094 4284 11.
