3192 4967
1360 487 1780 560 -31-

443 660 803 728 initialibus
858 661 972 728 sed
1026 662 1466 746 singularibus
1515 662 1781 727 Graecis
1829 659 2182 746 significari
2201 711 2219 745 ‚
2278 657 2685 744 paucissimis

445 792 628 837 suam
688 772 774 836 de·
826 774 950 838 hac
1004 793 1073 836 re
1134 774 1525 838 sententiam
1578 772 1883 856 protulit,
1952 771 2186 855 quibus
2220 791 2453 835 novam
2498 768 2686 852 quasi

442 883 614 947 viam
675 882 758 947 ad
817 888 1111 948 actorum
1164 906 1504 949 numerum
1561 889 1625 948 et
1679 903 2106 965 personarum
2162 879 2694 947 distributionem

444 991 885 1075 indagandam
957 993 1231 1078 aperuit.
1322 991 1483 1058 Cum
1541 993 1841 1058 enimin
1909 969 2021 1059 illo
2093 991 2311 1057 codice
2370 1010 2488 1074 per
2544 995 2691 1056 octo

448 1123 712 1167 scaenas
761 1102 1057 1169 Callicles
1103 1105 1167 1168 B
1210 1103 1464 1188 littera,
1525 1102 1923 1168 Lesbonicus
1981 1108 2201 1168 autem
2248 1103 2326 1186 E,
2375 1101 2695 1185 Lysiteles

448 1214 523 1297 Z,
569 1212 948 1279 Charmides
979 1214 1053 1297 Θ,
1101 1215 1415 1281 Stasimus
1456 1212 1543 1298 K,
1588 1212 2000 1298 Sycophanta
2040 1214 2109 1278 X
2152 1212 2429 1296 litteris,
2474 1210 2696 1294 Maga-

446 1324 706 1388 ronides
752 1329 817 1388 et
860 1325 1077 1390 Philto
1125 1332 1343 1389 autem
1384 1344 1518 1388 una
1566 1327 1634 1386 A
1676 1323 1902 1389 littera
1958 1322 2429 1408 significentur,
2487 1327 2695 1386 totum

448 1433 574 1498 hoc
627 1436 984 1500 notationis
1045 1456 1248 1518 genus
1308 1456 1439 1499 non
1485 1436 1692 1499 solum
1750 1435 2044 1518 personis
2104 1433 2327 1516 aliquo
2373 1430 2696 1497 scribendi

450 1545 829 1626 compendio
877 1544 1347 1628 distinguendis
1391 1544 1734 1628 inservire,
1795 1545 1910 1610 sed
1962 1545 2031 1608 in
2076 1564 2152 1608 eo
2195 1545 2433 1608 veteris
2478 1563 2695 1627 perso-

453 1675 689 1717 narum
734 1653 1214 1719 distributionis
1257 1655 1527 1739 vestigia
1570 1654 1893 1720 contineri
1938 1655 2226 1719 coniecit.
2291 1652 2449 1718 Cum
2483 1660 2697 1718 autem

453 1765 520 1829 in
581 1763 894 1829 Bembino
955 1764 1175 1829 codice
1233 1764 1622 1831 Terentiano
1682 1765 1912 1830 similis
1978 1785 2402 1849 personarum
2458 1762 2697 1847 signifi-

455 1874 626 1940 catio
673 1876 912 1939 litteris
936 1875 1200 1940 Graecis
1245 1876 1421 1940 facta
1465 1882 1699 1957 exstet,
1746 1881 1809 1940 et
1850 1875 1916 1938 in
1959 1874 2084 1938 hoc
2129 1874 2347 1939 codice
2369 1873 2699 1957 pertineat

456 1985 540 2049 ad
585 2005 807 2050 omnes
852 1984 1107 2050 fabulas
1153 1989 1439 2071 exceptis
1485 1986 1641 2052 XIX
1683 1985 1912 2070 primis
1959 1986 2206 2050 scaenis
2229 1983 2532 2068 Andriae,
2568 1985 2697 2048 iam

454 2094 849 2164 Ritschelius
907 2096 1027 2160 has
1085 2097 1332 2161 litteras
1392 2096 1664 2160 eandem
1716 2095 1845 2160 vim
1902 2094 2141 2170 habere
2203 2100 2400 2176 atque
2443 2094 2696 2176 paucis-

432 2207 653 2270 simas
712 2206 861 2269 illas
919 2206 987 2268 in
1033 2206 1250 2269 codice
1293 2207 1529 2271 Vetere
1583 2205 1888 2272 Plautino
1950 2211 2269 2287 servataS,
2331 2205 2697 2288 suspicatus

458 2320 572 2379 est.
664 2314 870 2390 Quam
915 2317 1355 2404 coniecturam
1411 2336 1555 2380 cum
1602 2315 1925 2380 Steffenus
1985 2314 2246 2381 firmare
2304 2320 2371 2378 et
2429 2334 2508 2377 ex
2564 2312 2697 2377 illis

427 2424 694 2490 'litteris
754 2425 1279 2491 distributionem
1340 2430 1405 2489 et
1444 2446 1784 2490 numerum
1830 2431 2121 2490 actorum
2163 2423 2438 2490 definire
2484 2422 2699 2489 studu-

457 2535 618 2620 erit,
677 2536 1009 2602 vi‘deamus
1054 2537 1302 2620 statim,
1361 2537 1449 2603 ad
1494 2542 1686 2619 quem
1728 2534 1921 2600 finem
1966 2541 2032 2600 et
2076 2536 2163 2603 ad
2207 2557 2402 2618 quam
2446 2539 2698 2599 senten—

458 2648 616 2712 tiam
661 2647 1046 2729 pervenerit.
1076 2685 1159 2693 —-
1206 2644 1365 2738 Cum
1406 2648 1473 2711 in
1518 2648 1735 2729 priore
1781 2646 2258 2712 dissertationis
2303 2666 2458 2710 suae
2486 2650 2697 2729 parte,

428 2759 535 2820 'ut
578 2778 777 2840 supra
821 2758 1301 2839 enarravimuS,
1361 2757 1744 2841 ostenderit
1793 2756 2080 2839 quinque
2125 2756 2452 2821 actoribus
2498 2761 2565 2819 et
2579 2805 2597 2837 ‚
2643 2755 2700 2818 si

457 2867 888 2931 coniecturam
945 2869 1082 2932 eius
1140 2868 1218 2932 de
1260 2866 1877 2951 parachoregemate
1920 2865 2272 2948 probamus
2289 2917 2307 2950 ,
2367 2885 2480 2931 sex
2524 2871 2697 2930 acto-

455 2976 634 3040 ribus
678 2998 829 3042 usos
873 2977 1071 3042 fuisse
1114 2981 1337 3061 poetas
1381 2999 1587 3045 novae
1632 2984 1693 3041 et
1735 2976 1984 3041 mediae
2012 2975 2408 3043 Graecorum
2453 2995 2698 3041 comoe-

460 3079 624 3165 diae,
675 3087 833 3166 quid
874 3088 1288 3152 verisimilius
1335 3089 1434 3153 vel
1478 3087 1638 3170 quid
1681 3088 1885 3170 magis
1931 3086 2454 3170 exspectandum,
2502 3106 2698 3168 quam

426 3181 535 3257 ⁴ut
576 3194 755 3258 illum
802 3217 1137 3261 numerum
1182 3205 1471 3277 actorum
1517 3199 1735 3262 etiam'
1759 3199 1828 3261 111
1872 3196 2112 3262 fabulis
2143 3195 2553 3262 Terentianis
2586 3195 2698 3262 ad·

428 3300 734 3368 'hibitum
792 3326 930 3370 esse
985 3308 1293 3371 statuat?
1362 3346 1440 3355 -
1529 3308 1654 3373 Sed
1712 3307 1869 3391 quid
1926 3306 2181 3388 effecit?
2269 3306 2600 3400 Hecyramv
2632 3311 2698 3371 et

457 3413 1199 3484 Hautontimorumenon
1245 3437 1287 3480 a
1327 3439 1468 3501 3611,
1514 3424 1763 3483 ceteras
1808 3424 2026 3482 autem
2065 3415 2322 3483 fabulas
2368 3436 2408 3479 a
2451 3422 2700 3500 septem

426 3527 790 3591 ‘actoribus
851 3532 1030 3592 actas
1091 3549 1229 3593 esse
1284 3527 1624 3593 contendit.
1717 3528 1854 3592 Iam
1915 3549 1988 3592 eo
2045 3525 2428 3591 offendimur
2444 3576 2462 3608 ‚
2520 3526 2698 3608 quod

457 3631 721 3699 Steffeni
764 3640 1090 3702 sententia
1150 3661 1322 3704 nunc
1367 3661 1480 3704 sex
1523 3661 1695 3704 nunc
1741 3645 1987 3722 septem
2043 3637 2372 3703 actoribus
2417 3638 2520 3702 usi
2565 3637 2698 3701 sint

455 3747 709 3826 poetae.
798 3745 1010 3822 Quare
1064 3747 1236 3812 idem
1308 3756 1538 3814 contra
1601 3771 1745 3813 eum
1816 3749 1942 3814 dici
2001 3751 2252 3832 potest,
2326 3746 2500 3830 quod
2558 3747 2697 3829 ipse

414 3861 421 3866 ’
457 3853 816 3921 Schmidtio
880 3855 1127 3921 obiecit.
1215 3857 1379 3922 Nam
1426 3859 1482 3921 si
1527 3859 1612 3921 ad
1654 3858 1965 3922 Andriam
2006 3859 2283 3939 primam
2327 3856 2698 3920 fabularum

457 3949 992 4032 Terentianarum
1038 3967 1355 4048 agendam
1400 3973 1650 4050 septem
1695 3972 1948 4030 actores
1982 3966 2260 4032 adhibiti
2292 3972 2464 4048 sunt,
2499 3986 2697 4047 quam

436 4075 539 4141 'ob
581 4099 752 4160 rem,
799 4077 855 4142 si
899 4081 1146 4159 septem
1191 4076 1519 4140 actoribus
1564 4077 1729 4140 bene
1774 4077 2110 4140 instructis
2155 4077 2249 4141 uti
2293 4081 2558 4159 poterat·
2596 4078 2697 4141 vel

453 4190 652 4269 poeta
694 4189 792 4252 vel
839 4188 1135 4252 dominus
1181 4187 1393 4271 gregis
1406 4236 1424 4268 ,
1481 4187 1550 4250 111
1594 4186 1844 4270 Hecyra
1887 4168 1952 4249 et
1998 4186 2695 4251 Hautontimorumeno

454 4296 628 4363 inter
671 4318 783 4362 sex
824 4304 1078 4364 tantum
1122 4304 1373 4363 actores
1403 4317 1716 4382 personas
1745 4295 2118 4363 distributas
2147 4316 2285 4363 esse
2313 4295 2694 4363 credamus?
