3192 4967
1285 435 1712 502 ...15-

377 608 742 677 lichkeit
782 605 967 692 ‚offen
1010 607 1224 675 lassen
1242 657 1261 690 ,
1321 607 1472 673 dass
1529 606 1698 673 auch
1740 603 2077 672 Volcatius
2135 601 2263 668 den
2303 601 2617 692 Adelphis

379 720 484 787 die
527 721 749 786 zweite
794 719 990 786 stelle
1032 719 1333 784 anwies.“
2611 703 2624 715 “

550 831 764 909 Quare
821 829 1045 895 statim
1104 827 1189 893 ad
1245 827 1548 893 ultimum
1608 824 2021 892 Wilmannsii
2078 829 2145 889 et
2196 822 2621 890 Dziatzkonis

382 947 842 1026 argumentum
900 946 1343 1021 transeamus,
1390 937 1566 1021 quod
1610 942 1940 1021 sumptum
1999 941 2101 1002 est
2157 955 2236 1000 ex
2277 932 2622 1019 Adelphon

381 1052 672 1136 prologo.
775 1049 1122 1116 Contendit
1178 1048 1351 1115 enim
1417 1054 1723 1131 uterque,
1781 1049 1850 1111 in
1908 1046 2198 1131 priorum
2250 1043 2623 1110 fabularum

381 1160 676 1246 prologis
734 1160 1011 1226 demisse
1067 1165 1266 1243 atque
1323 1159 1614 1224 modeste
1671 1160 1934 1240 poetam
1990 1158 2278 1223 locutum
2322 1175 2493 1237 esse,
2554 1154 2625 1218 in

385 1272 820 1356 posteriorum
864 1276 1083 1335 autem
1113 1267 1541 1335 confidentius
1572 1274 1768 1350 atque
1793 1267 2124 1333 audacius.
2213 1265 2374 1331 Cum
2417 1269 2627 1329 autem

380 1380 703 1448 modestia
744 1380 813 1446 in
855 1380 1099 1447 ultimis
1140 1380 1395 1464 prologi
1435 1377 1684 1443 verbis:

1212 1555 1216 1560 .
1750 1486 1991 1572 „facite
2031 1483 2511 1570 aequanimitas

552 1600 787 1667 Poetae
842 1599 928 1665 ad
987 1599 1400 1666 scribendum
1458 1605 1692 1683 augeat
1733 1597 2179 1663 industriam.“

385 1730 693 1794 expressa
735 1712 843 1795 sit,
886 1711 1060 1775 inter
1086 1711 1337 1793 priores
1379 1709 1638 1775 fabulas
1662 1707 1992 1793 Adelphos
2035 1727 2176 1772 esse
2201 1704 2630 1771 referendam.

384 1859 470 1869 —
530 1821 658 1886 Vix
717 1821 881 1886 certi
939 1820 1192 1903 aliquid
1250 1820 1329 1885 de
1387 1819 1490 1885 his
1548 1817 1764 1883 verbis
1831 1817 2108 1883 iudicari
2163 1820 2410 1902 potest,
2477 1835 2631 1879 611111

384 1938 762 1998 truncatum
789 1929 1132 2014 Adelphon
1162 1931 1504 2013 prologum
1547 1929 1633 1994 ad
1665 1949 1782 1994 nos
1811 1928 2176 2010 pervenisse
2207 1927 2381 1992 inter
2410 1945 2631 1991 omnes

313 2103 318 2108 .
386 2041 523 2108 fere
576 2047 877 2107 constare
931 2042 1247 2106 videatur.
1335 2039 1464 2107 Sed
1521 2057 1667 2104 cum
1726 2039 1830 2104 die
1887 2043 2235 2121 antequam
2292 2032 2631 2117 Adelphoe

389 2151 734 2236 agebatur,
805 2149 1060 2236 Hecyra
1127 2152 1365 2215 iterum
1421 2155 1653 2214 exacta
1721 2153 1925 2229 esset,
1994 2167 2210 2214 nonne
2283 2144 2642 2244 verisimile

391 2268 528 2347 est,
589 2262 785 2344 paulo
831 2261 1169 2326 demissius
1214 2259 1591 2325 Terentium
1635 2259 1925 2324 locutum
1970 2278 2105 2324 esse
2147 2256 2249 2321 vel
2289 2254 2634 2341 prologum

390 2373 522 2436 iam
594 2371 1033 2455 conscriptum
1120 2370 1392 2455 paulum
1456 2375 1743 2436 mutasse
1811 2373 1991 2433 metu
2073 2371 2460 2450 commotus,
2549 2385 2633 2430 ne

391 2501 595 2547 novae
638 2480 898 2548 fabulae
943 2481 1116 2545 idem
1159 2478 1484 2544 accideret
1527 2485 1722 2561 atque
1762 2478 2097 2563 Hecyrae?

561 2591 761 2656 Aliud
803 2597 1013 2656 autem
1044 2589 1258 2654 adhuc
1285 2593 1740 2673 argumentum
1784 2609 1863 2654 ex
1905 2587 2030 2653 hoc
2057 2588 2328 2672 prplogo
2359 2584 2637 2669 sumpsit

393 2702 862 2767 Wilmannsius
874 2749 892 2782 ‚
968 2701 1144 2784 quod
1211 2701 1496 2784 aliquam
1553 2700 1677 2764 vim
1751 2699 2339 2783 argumentationis
2395 2696 2638 2762 habere

396 2812 625 2894 negari
668 2831 800 2875 non
833 2816 1070 2894 potest.
1156 2808 1332 2874 Nam¹
1368 2810 1544 2893 quod
1587 2810 1749 2894 prol.
1794 2830 1851 2874 v,
1895 2811 1979 2876 22
2007 2811 2205 2892 poeta
2234 2813 2637 2891 spectatores

397 2926 639 3005 monet,
684 2940 766 2984 ne
809 2924 1187 3002 exspectent
1230 2926 1686 3004 argumentum
1729 2919 2008 3003 fabulae,
2052 2940 2197 2984 cum
2240 2919 2307 2984 in
2356 2924 2637 3002 quatuor

398 3029 768 3095 fabularum
810 3031 1103 3114 prologis
1154 3030 1408 3095 nullum
1450 3030 1532 3095 de
1589 3036 1974 3114 argumento
2031 3029 2299 3095 verbum
2358 3027 2638 3112 fecisset,

404 3145 581 3202 certe
634 3138 954 3204 offendere
1012 3137 1237 3223 debet,
1295 3145 1362 3206 et
1404 3139 1535 3205 iam
1591 3140 1903 3207 Sebaldus
1920 3190 1939 3224 ‚
1996 3160 2189 3222 quem
2245 3136 2638 3222 Liebigius*)

401 3248 729 3331 sequitur,
771 3248 944 3313 hanc
985 3249 1240 3333 prologi
1282 3256 1540 3333 partem
1583 3271 1663 3315 ex
1703 3250 1922 3316 Plauti
1966 3248 2324 3313 Trinummi
2368 3248 2638 3332 prologo

400 3364 764 3424 mutuatam
808 3380 947 3425 esse
991 3361 1356 3442 suspicatus
1401 3367 1510 3426 est.
1600 3359 1727 3426 Sed
1771 3359 1967 3425 etiam
2009 3358 2170 3423 haec
2208 3378 2313 3423 res
2327 3407 2346 3440 ,
2391 3364 2468 3422 ut
2508 3359 2640 3422 iam

397 3474 575 3533 recte
634 3471 882 3535 monuit
923 3470 1412 3554 Wagnerus**)‚
1471 3469 1556 3535 ad
1615 3470 1902 3553 aliquam
1948 3467 2478 3534 adversariorum
2532 3466 2641 3533 ob-

402 3580 862 3664 trectationem
933 3587 1230 3663 spectare
1303 3586 1554 3665 potest,
1629 3580 1845 3664 qualis
1914 3581 2048 3646 iam
2103 3581 2174 3644 in
2232 3577 2641 3644 Phormionis

398 3690 566 3770 prol.
611 3711 668 3753 v.
717 3690 796 3754 13
841 3690 1183 3755 Terentius
1223 3693 1618 3756 mentionem
1662 3689 1921 3754 fecerat.
1995 3689 2123 3756 sed
2172 3693 2324 3754 utut
2348 3688 2510 3752 haec
2537 3708 2641 3752 res

405 3820 472 3863 se
516 3797 746 3882 habet,
793 3821 939 3865 cum
972 3797 1196 3866 cetera
1238 3801 1652 3867 Wilmannsii
1693 3806 1761 3865 et
1803 3799 2214 3865 Dziatzkonis
2261 3802 2643 3881 argumenta

403 3916 579 3974 recte
623 3909 944 3977 refutasse
989 3909 1358 3994 credamuS‚
1404 3912 1485 3977 ob
1531 3910 1699 3974 hanc
1735 3909 1949 3974 'solam
1992 3930 2130 3974 rem
2173 3906 2502 3991 Adelphos
2547 3926 2641 3970 se-

403 4009 611 4084 cundo
655 4020 801 4085 loco
843 4027 1057 4085 actam
1102 4040 1242 4085 esse
1284 4042 1417 4086 non
1460 4019 1825 4085 concedam.

541 4170 585 4240 *)
619 4170 685 4224 In
719 4170 844 4225 diss.
888 4169 955 4223 de
990 4168 1224 4242 prologis
1259 4169 1591 4227 Terentianis
1627 4178 1682 4226 et
1716 4169 1976 4225 Plautinis
2012 4187 2062 4244 p.
2110 4171 2192 4227 17.

517 4255 593 4330 *Ἴ
626 4256 696 4313 111
727 4255 1067 4342 Ε166116186111
1086 4256 1288 4315 Annal.
1325 4256 1469 4317 XCI.
1508 4275 1565 4335 p·
1604 4260 1727 4316 291.
