3192 4967
1424 435 1844 534 411„

504 646 715 707 restat
773 640 987 708 adhuc
1038 637 1529 706 diiudicandum
1544 689 1563 722 ‚
1639 661 1793 704 num
1848 639 1979 703 iam
2035 636 2281 703 Donati
2337 634 2754 720 temporibus,

512 751 611 816 vel
656 756 885 833 antea,
930 749 983 814 F
1027 769 1146 833 pro
1191 748 1307 814 PH
1350 749 1662 833 scriptam
1707 768 1846 814 esse
1891 753 2188 814 statuere
2224 746 2562 829 possimus,
2651 746 2753 811 In-
2787 777 2794 784 ·

509 862 768 928 venitur
810 879 966 928 sane
1008 860 1077 925 in
1120 858 1448 925 codicibus
1493 858 1736 925 nostris
1776 859 2228 924 vetustissimis
2272 856 2434 921 haec
2475 877 2755 922 commu-

508 971 673 1037 tatio
720 977 783 1036 et
806 969 1098 1036 confusio
1120 969 1513 1052 litterarum,
1551 969 1881 1036 invenitur
1916 969 2118 1036 etiam
2145 967 2522 1051 saepissime
2556 967 2624 1032 in
2653 967 2747 1031 in-

509 1079 972 1164 scriptionibus
1015 1080 1212 1162 „inde
1256 1100 1297 1143 a
1337 1079 1548 1145 medio
1578 1078 1720 1143 fere
1755 1081 2011 1145 saeculo
2037 1079 2248 1146 altero
2282 1101 2345 1162 p.
2368 1076 2643 1143 Ohr.n.“
2661 1078 2755 1163 *);

509 1192 623 1255 sed
664 1194 967 1275 potestne
1012 1190 1230 1272 statui,
1276 1189 1627 1271 Donatum,
1674 1189 1787 1272 qui
1830 1188 2255 1271 profitebatur
2301 1193 2507 1253 artem
2545 1209 2756 1273 gram-

495 1300 849 1382 maticam,
894 1300 1017 1364 hoc
1061 1298 1250 1364 modo
1296 1318 1632 1383 peccasse,
1677 1299 1799 1384 vel,
1846 1300 1902 1364 si
1945 1299 2225 1364 insciens
2272 1299 2516 1381 aliquis
2558 1296 2752 1362 libra-

507 1411 645 1476 rius
702 1410 819 1475 illo
866 1408 1056 1474 modo
1115 1408 1369 1476 fabulas
1431 1408 1877 1491 disposuerat,
1930 1430 2100 1474 ‚eum
2143 1429 2276 1474 non
2335 1408 2757 1491 intellexisse,

511 1541 643 1604 qua
683 1521 940 1586 ratione
998 1517 1260 1584 fabulae
1315 1519 1667 1584 ‘collocatae
1727 1519 1990 1584 essent?
2078 1520 2217 1583 Hoc
2273 1539 2405 1584 non
2450 1524 2756 1600 statuam,

509 1631 624 1696 sed
667 1631 938 1714 cogitari
981 1634 1236 1713 potest,
1298 1627 1556 1695 fabulas
1602 1627 1684 1693 ab
1730 1625 2040 1694 insciente
2094 1629 2365 1694 librario
2409 1628 2522 1694 illo
2565 1628 2756 1694 modo

509 1741 881 1825 dispositas,
925 1746 1150 1824 postea
1194 1743 1412 1804 autem
1456 1738 1683 1806 ordine
1715 1759 1847 1804 non
1881 1743 2133 1804 mutato
2156 1743 2332 1808 recte
2362 1737 2757 1820 ,‚Phormio“

508 1871 637 1915 non
681 1850 1031 1935 „Formio“
1076 1851 1389 1931 scriptum
1435 1870 1609 1933 esse,
1667 1848 1766 1913 ita
1808 1854 1882 1914 ut
1924 1849 2238 1934 Donatus,
2284 1870 2416 1914 non
2463 1820 2753 1913 animad3

506 1966 764 2026 vertens
781 2010 800 2044 ‚
860 1959 1151 2025 ordinem
1226 1958 1710 2044 alphabeticum
1763 1960 1830 2024 in
1892 1958 2130 2024 fabulis
2190 1958 2586 2025 collocandis
2646 1959 2757 2023 ad-

512 2069 790 2135 hibitum
836 2091 997 2154 esse,
1044 2074 1111 2134 et
1151 2070 1276 2134 hac
1319 2069 1744 2135 collocatione
1790 2075 1857 2134 et
1898 2069 2017 2134 illa
2060 2068 2360 2135 doctrina
2404 2075 2759 2134 commotus

510 2179 746 2245 falsam
788 2180 972 2245 illam
1015 2181 1411 2246 sententiam
1455 2180 1523 2244 i'n
1568 2178 1912 2266 Adelphon
1956 2179 2269 2265 praef.**)
2314 2178 2657 2263 proferret·

674 2290 801 2356 Sed
843 2296 990 2356 utut
1044 2290 1207 2354 haec
1250 2312 1353 2355 res
1411 2310 1479 2355 se
1521 2288 1754 2374 habet,
1813 2291 1974 2355 satis
2035 2287 2395 2366 ostendisse
2438 2290 2751 2373 videmur,

508 2401 834 2466 Donatum
886 2402 955 2465 in
1012 2399 1387 2466 didascaliis
1442 2399 1775 2483 Adelphos
1835 2422 1967 2465 non
2024 2418 2143 2482 pro
2206 2398 2491 2464 secunda
2533 2398 2758 2463 fabula

508 2516 916 2578 numeratam
970 2512 1322 2593 invenisse,
1385 2511 1601 2594 ipsum
1644 2515 1862 2574 autem
1907 2510 2077 2575 hanc
2121 2510 2545 2593 sententiam,
2606 2529 2754 2574 cum

508 2642 652 2686 eam
695 2620 864 2686 falsa
908 2621 1470 2704 argumentatione
1514 2624 1869 2685 commotus
1906 2620 2238 2702 probaret,
2265 2640 2392 2684 non
2420 2620 2546 2684 nisi
2573 2618 2756 2684 dubi·

508 2735 727 2795 tanter
787 2731 1102 2798 attulisse.
1192 2731 1403 2808 Quare
1461 2751 1542 2796 ex
1584 2728 1828 2794 Donati
1887 2729 2291 2813 praefatione
2349 2751 2482 2795 non
2542 2729 2759 2812 colligi

383 2864 389 2870 ·
510 2859 701 2923 posse
744 2839 1026 2923 videtur,
1087 2841 1171 2905 ad
1215 2838 1562 2907 secundam
1622 2839 1911 2922 aliquam
1973 2841 2294 2905 actionem
2338 2839 2757 2906 didascaliam

509 2956 802 3017 nostram
846 2955 1157 3033 spectare.

679 3060 807 3126 Sed
849 3060 977 3125 huc
1021 3082 1226 3144 usque
1272 3060 1721 3128 tantummodo
1766 3061 1956 3143 quasi
2001 3059 2249 3125 fontem
2294 3060 2753 3143 obstruximus,

516 3192 595 3235 ex
638 3192 765 3253 quo
806 3176 954 3236 tota
995 3171 1157 3235 haec
1201 3171 1496 3255 quaestio
1544 3170 1857 3253 originem
1905 3170 2118 3254 duxit3
2163 3176 2404 3256 restat,
2450 3174 2527 3233 ut
2571 3190 2757 3253 argu-

516 3286 728 3347 menta
789 3304 830 3348 a
875 3280 1306 3348 Wilmannsio
1369 3286 1431 3346 et
1486 3279 1882 3345 Dziatzkone
1940 3278 2024 3342 ad
2072 3279 2311 3344 Donati
2370 3279 2761 3345 sententiam

511 3389 1024 3457 confirmandam
1100 3390 1305 3455 allata
1373 3390 1745 3457 refellamus
1763 3401 1812 3475 ‚'
1849 3395 1952 3474 et,
2013 3390 2067 3453 si
2123 3388 2264 3454 fieri
2323 3394 2567 3473 potest,
2627 3387 2758 3455 alio

515 3507 898 3585 argumento
967 3500 1383 3567 ostendamus
1402 3551 1421 3587 ,
1508 3499 1840 3584 Adelphos
1929 3505 2180 3566 sextam
2251 3499 2546 3567 fabulam
2620 3520 2760 3565 esse

514 3609 834 3675 debere

680 3720 967 3788 Primum
1024 3727 1510 3805 argumentum,
1578 3721 1754 3803 quod
1811 3722 2032 3787 attulit
2088 3720 2554 3787 Wilmannsius
2570 3770 2590 3804 ‚
2655 3720 2758 3785 his

504 3830 727 3897 -verbis
768 3834 1084 3914 expressit
1101 3831 1264 3918 ***):
1309 3832 1423 3914 „Si
1465 3831 1747 3915 Adelphi
1766 3894 1772 3900 ,
1791 3831 2075 3897 secunda
2119 3829 2339 3895 fabula
2383 3836 2545 3914 erat,
2588 3828 2762 3894 unde

649 4037 692 4101 *J
731 4036 811 4089 Of.
853 4035 1086 4090 Schmitz
1102 4074 1117 4102 ,
1181 4034 1248 4089 de
1303 4021 1651 4108 aspi'ratarum
1699 4034 2021 4089 Graecarum
2067 4033 2486 4104 Latinarumque
2530 4048 2759 4103 pronun-
2796 4041 2801 4044 '

515 4118 734 4174 tiatiene
769 4137 818 4190 p.
859 4123 939 4174 15.

629 4206 696 4268 **)
733 4211 789 4258 et
821 4203 1044 4257 fortasse
1082 4205 1241 4258 etiam
1278 4202 1333 4256 in
1369 4203 1532 4258 Haut.
1575 4202 1742 4276 praef.

586 4288 691 4356 ***)
727 4288 764 4342 1.
803 4307 845 4344 s,
885 4307 927 4345 s.
967 4306 1020 4359 p.
1062 4294 1143 4344 50.
