3192 4967
1369 463 1788 545 -410-

467 648 767 731 quintam
809 667 953 712 eam
980 646 1201 733 fuisse,
1245 648 1643 717 didascaliae
1671 657 1936 719 nostrae
1973 651 2270 737 tradunt,
2313 651 2532 717 tamen
2560 657 2713 736 post

465 756 799 842 Adelphos
842 757 1103 824 demum
1145 759 1412 846 placuit,
1457 763 1554 827 ita
1595 766 1672 827 ut
1715 783 1833 845 pro
1879 768 2065 834 sexta
2096 763 2425 828 numerari
2457 761 2707 847 debeat,

466 868 523 934 si
575 889 799 934 earum
858 870 1225 952 actionum,
1283 891 1453 954 quae
1511 893 1643 937 non
1714 873 1798 938 ad
1863 873 2056 939 finem
2116 872 2470 957 perductae
2536 879 2709 957 sunt,

466 978 790 1046 rationem
832 1001 965 1045 non
998 978 1327 1047 habemus.
1414 982 1492 1047 In
1518 982 1623 1048 his
1656 982 1858 1067 igitur
1887 982 2124 1049 fabulis
2154 977 2482 1064 numerus,
2519 1003 2710 1064 quem

328 1105 333 1112 ’
462 1090 711 1157 invenit
775 1089 1107 1178 Donatus,
1179 1092 1627 1159 consentiebat
1690 1113 1835 1159 cum
1905 1094 2169 1179 ordine,
2251 1113 2381 1176 quo
2445 1090 2705 1157 fabulae

465 1201 823 1268 collocatae
867 1208 1091 1285 erant3
1136 1223 1339 1285 quare
1382 1202 1631 1269 nullam
1674 1203 2097 1270 dubitationis
2129 1223 2390 1268 causam
2413 1201 2708 1268 Donatus

464 1311 731 1396 habuit,
792 1313 1053 1395 scripsit
1113 1313 1347 1395 igitur:
1404 1313 1610 1396 „haec
1667 1315 1879 1397 prima
1922 1319 2071 1382 acta
2115 1314 2258 1379 est“
2310 1312 2379 1377 in
2422 1311 2709 1377 Andriae

464 1422 688 1507 praefi,
745 1421 954 1505 „haec
997 1421 1176 1488 edita
1217 1424 1412 1489 tertia
1454 1427 1598 1489 est“
1641 1426 1710 1489 in
1733 1424 1918 1508 Eun.,
1959 1425 2310 1509 „editaque
2344 1428 2439 1489 est
2469 1426 2706 1504 quarto

465 1532 652 1598 loc'o“
694 1532 763 1598 in
791 1532 1048 1598 Phorm.
1096 1538 1182 1617 et,
1228 1534 1284 1599 si
1310 1532 1814 1617 Umpfenbachii
1858 1536 2294 1601 coniecturam
2336 1531 2709 1616 probamus,

463 1624 811 1727 „factaque
854 1649 922 1709 et
966 1643 1143 1709 edita
1197 1648 1381 1710 sexto
1440 1645 1628 1709 loco“
1682 1646 1750 1710 in
1807 1646 2096 1730 Hecyrae
2154 1642 2354 1727 praef.
2441 1641 2708 1706 Numeri

466 1758 704 1836 autem,
749 1774 912 1837 quos
955 1754 1204 1819 invenit
1240 1756 1309 1819 in
1353 1755 1696 1839 Adelphon
1741 1761 1808 1821 et
1851 1760 2024 1820 certe
2070 1756 2267 1819 etiam
2310 1755 2380 1818 in
2418 1751 2706 1817 Hauton-

378 1903 394 1916 ι
464 1864 899 1929 timorumenu
957 1864 1327 1929 didascaliis
1347 1916 1366 1950 ,
1439 1866 1495 1931 si
1553 1867 1816 1931 omnino
1875 1866 2244 1950 exstabant,
2320 1885 2452 1929 non
2510 1863 2726 1929 iidem·
2815 1897 2820 1902 ·

465 1979 655 2039 erant
698 1981 896 2057 atque
939 1975 1020 2057 ii,
1081 1976 1194 2058 qui
1236 1975 1464 2042 ordine
1508 1975 1876 2042 fabularum
1919 1974 2190 2042 indicati
2235 1980 2441 2040 erant.
2528 1973 2707 2040 Haec

464 2106 568 2150 res
636 2084 1105 2152 dubitationem
1160 2086 1406 2152 Donati
1478 2088 1711 2169 movit3
1788 2085 2274 2151 diiudicandum
2333 2091 2479 2150 erat
2535 2086 2708 2150 inter

471 2194 634 2260 duas
693 2196 1071 2261 sententias.
1160 2196 1415 2286 Ordine·
1448 2197 1818 2263 fabularum
1863 2197 2216 2263 secundum
2258 2196 2472 2260 locum
2515 2194 2707 2259 Ade12

463 2306 634 2389 phoe
680 2305 1037 2387 obtinebat,
1083 2306 1199 2371 sed
1241 2308 1310 2371 in
1356 2307 1729 2373 didascaliis
1775 2307 2102 2373 exstabat:
2145 2305 2366 2390 „facta
2408 2305 2563 2388 VI“,
2608 2306 2708 2369 vel

471 2435 778 2481 numerus
836 2416 1097 2482 omnino
1155 2416 1399 2482 deerat.
1486 2418 1757 2483 Poterat
1817 2438 1973 2483 sane
2028 2417 2361 2500 Donatus,
2435 2416 2492 2480 si
2562 2435 2709 2480 con-

467 2526 681 2592 sulum
738 2528 870 2592 sive
935 2528 1242 2592 aedilium
1298 2529 1564 2592 nomina
1642 2527 2061 2611 respexisset,
2132 2525 2323 2592 facile
2396 2525 2707 2607 conicere,

467 2656 660 2719 quem
717 2657 1058 2703 numerum
1115 2636 1427 2720 Adelphis
1484 2638 1773 2702 tribuere
1832 2637 2131 2720 deberet,
2188 2636 2305 2701 sed
2345 2643 2706 2718 temporum
2793 2711 2802 2724 ‚

466 2744 597 2811 illis
638 2746 1006 2812 nominibus
1049 2747 1483 2813 iudicatorum
1541 2749 1800 2813 omnino
1853 2748 2173 2811 rationem
2226 2745 2530 2810 habuisse
2575 2763 2707 2808 non

466 2856 754 2932 videtur3
824 2877 977 2923 nam
1034 2858 1090 2921 si
1147 2857 1429 2939 fecisset,
1487 2859 1557 2922 in
1615 2855 1958 2940 Adelphon
2014 2855 2216 2938 praef.
2234 2904 2252 2938 ,
2323 2875 2469 2919 cum
2525 2853 2708 2917 illam

467 2972 726 3032 tantum
769 2968 1086 3033 actionem
1131 2987 1187 3030 a.
1218 2966 1345 3030 594
1389 2988 1447 3033 a.
1473 2988 1534 3030 u.
1568 2986 1622 3030 c.
1666 2965 1909 3031 factam
1952 2969 2529 3047 commemorasset,
2576 2982 2709 3028 non

468 3077 748 3144 scribere
799 3079 1151 3163 potuisset,
1226 3075 1369 3142 eam
1424 3075 1706 3141 secundo
1770 3077 1909 3141 loco
1959 3081 2177 3140 actam
2230 3072 2455 3137 videri.
2543 3067 2711 3149 Quoss

467 3189 657 3255 modo
729 3189 928 3274 igitur
995 3189 1161 3254 inter
1219 3189 1381 3253 duas
1439 3188 1584 3256 illas
1654 3186 2006 3251 sententias
2065 3183 2485 3249 diiudicavit?
2573 3184 2712 3248 Iam

469 3283 730 3366 inventa
790 3304 856 3364 et
908 3307 1061 3365 nota
1105 3299 1164 3364 ei
1209 3304 1351 3364 erat
1395 3297 1513 3363 illa
1555 3296 1858 3363 doctrina
1901 3296 1982 3360 de
2025 3294 2394 3361 fabularum
2454 3299 2521 3360 et
2563 3295 2712 3377 poe·
2793 3329 2802 3334 -

468 3415 681 3475 tarum
728 3408 1098 3475 nominibus
1143 3407 1567 3492 collocandis,
1628 3409 1758 3472 iam
1818 3407 1933 3471 alii
1992 3406 2339 3471 secundam
2382 3402 2711 3484 Adelphos

451 3519 756 3585 'fabulam
807 3519 1006 3584 fuisse
1065 3520 1452 3602 docuerant,
1510 3516 1930 3583 conveniebat
1983 3522 2198 3581 autem
2252 3514 2368 3578 illa
2422 3511 2716 3579 doctrina

469 3651 614 3696 cum
658 3629 782 3693 hac
825 3630 1170 3711 sententia,
1217 3648 1440 3711 quare,
1486 3648 1632 3691 cum
1679 3624 2237 3691 commendaretur
2281 3623 2527 3707 ordine,
2586 3643 2715 3706 quo

469 3739 727 3806 fabulae
772 3740 1118 3804 collocatae
1163 3744 1415 3823 erant,
1446 3758 1590 3803 eam
1646 3735 1965 3820 probavit.
2055 3735 2182 3800 Sed
2239 3755 2384 3800 cum
2437 3754 2568 3799 non
2620 3734 2715 3797 in-

469 3852 723 3917 veniret
766 3870 1106 3916 numerum
1148 3850 1217 3914 in
1262 3848 1648 3932 didascalia,
1707 3852 1883 3911 certe
1905 3867 2234 3912 numerus
2277 3867 2409 3911 non
2451 3862 2713 3908 consen-

474 3965 632 4029 tiret
674 3983 820 4027 cum
863 3958 1191 4027 sententia
1234 3981 1383 4043 sua,
1442 3979 1584 4024 eam
1644 3959 1842 4043 paulo
1890 3957 2286 4024 dubitantius
2331 3952 2609 4039 protulit
2651 3956 2717 4017 et

471 4073 766 4158 scripsit:
811 4072 1026 4158 „hanc
1071 4070 1363 4136 dicunt
1405 4070 1688 4136 secundo
1734 4069 1873 4136 loco
1919 4067 2194 4132 actam.“

641 4181 745 4247 Ita
787 4182 982 4266 igitur
1035 4182 1206 4245 viam
1266 4200 1344 4248 ac
1400 4182 1758 4264 rationem,
1817 4199 2015 4261 quam
2068 4175 2369 4242 adhibuit
2425 4174 2718 4239 Donatus

469 4293 542 4367 in
585 4291 871 4373 numeris
925 4291 1294 4369 fabularum
1336 4288 1725 4380 indagandis
1742 4339 1762 4380 ,
1824 4306 2163 4360 enarrasse
2220 4284 2544 4373 videmur,
2602 4282 2717 4349 sed
2817 4279 2822 4282 Α
