<?xml version="1.0" encoding="UTF-8"?>
<!DOCTYPE html PUBLIC "-//W3C//DTD XHTML 1.0 Transitional//EN"
    "http://www.w3.org/TR/xhtml1/DTD/xhtml1-transitional.dtd">
<html xmlns="http://www.w3.org/1999/xhtml" xml:lang="en" lang="en">
 <head>
  <title>
</title>
<meta http-equiv="Content-Type" content="text/html;charset=utf-8" />
  <meta name='ocr-system' content='tesseract 3.04.00' />
  <meta name='ocr-capabilities' content='ocr_page ocr_carea ocr_par ocr_line ocrx_word'/>
</head>
<body>
  <div class='ocr_page' id='page_1' title='image "./quaestionestere00bossgoog_0045.png"; bbox 0 0 3192 4967; ppageno 0'>
   <div class='ocr_carea' id='block_1_1' title="bbox 1436 527 1861 592">
    <p class='ocr_par' dir='ltr' id='par_1_1' title="bbox 1436 527 1861 592">
     <span class='ocr_line' id='line_1_1' title="bbox 1436 527 1861 592; baseline -0.005 -15"><span class='ocrx_word' id='word_1_1' title='bbox 1436 527 1861 592; x_wconf 65' lang='lat'>-41-</span> 
     </span>
    </p>
   </div>
   <div class='ocr_carea' id='block_1_2' title="bbox 523 694 2871 3744">
    <p class='ocr_par' dir='ltr' id='par_1_2' title="bbox 523 694 2871 3287">
     <span class='ocr_line' id='line_1_2' title="bbox 696 694 2871 779; baseline -0.001 -16"><span class='ocrx_word' id='word_1_2' title='bbox 696 697 882 776; x_wconf 84' lang='lat' dir='ltr'>Quod</span> <span class='ocrx_word' id='word_1_3' title='bbox 940 696 1246 763; x_wconf 84' lang='lat' dir='ltr'>Chremes</span> <span class='ocrx_word' id='word_1_4' title='bbox 1299 698 1370 761; x_wconf 90' lang='lat' dir='ltr'>in</span> <span class='ocrx_word' id='word_1_5' title='bbox 1429 697 1745 763; x_wconf 89' lang='lat' dir='ltr'>Bembino</span> <span class='ocrx_word' id='word_1_6' title='bbox 1809 696 1875 760; x_wconf 87' lang='lat' dir='ltr'><strong><em>K</em></strong></span> <span class='ocrx_word' id='word_1_7' title='bbox 1934 696 2194 779; x_wconf 86' lang='lat' dir='ltr'>littera,</span> <span class='ocrx_word' id='word_1_8' title='bbox 2267 694 2336 760; x_wconf 90' lang='lat' dir='ltr'>in</span> <span class='ocrx_word' id='word_1_9' title='bbox 2390 694 2770 760; x_wconf 88' lang='lat' dir='ltr'>Victoriano</span> <span class='ocrx_word' id='word_1_10' title='bbox 2868 738 2871 741; x_wconf 88' lang='lat'>-</span> 
     </span>
     <span class='ocr_line' id='line_1_3' title="bbox 525 804 2771 891; baseline -0.003 -17"><span class='ocrx_word' id='word_1_11' title='bbox 525 816 743 874; x_wconf 89' lang='lat' dir='ltr'>autem</span> <span class='ocrx_word' id='word_1_12' title='bbox 800 808 889 871; x_wconf 93' lang='lat' dir='ltr'><em>H</em></span> <span class='ocrx_word' id='word_1_13' title='bbox 941 808 1161 873; x_wconf 86' lang='lat' dir='ltr'>littera</span> <span class='ocrx_word' id='word_1_14' title='bbox 1220 807 1657 891; x_wconf 86' lang='lat' dir='ltr'>significatur,</span> <span class='ocrx_word' id='word_1_15' title='bbox 1732 807 2056 871; x_wconf 88' lang='lat' dir='ltr'>offendere</span> <span class='ocrx_word' id='word_1_16' title='bbox 2129 827 2262 871; x_wconf 90' lang='lat' dir='ltr'>non</span> <span class='ocrx_word' id='word_1_17' title='bbox 2336 804 2561 889; x_wconf 91' lang='lat' dir='ltr'>debet,</span> <span class='ocrx_word' id='word_1_18' title='bbox 2627 826 2771 869; x_wconf 90' lang='lat' dir='ltr'>cum</span> 
     </span>
     <span class='ocr_line' id='line_1_4' title="bbox 525 915 2775 1004; baseline -0.003 -20"><span class='ocrx_word' id='word_1_19' title='bbox 525 920 902 1004; x_wconf 83' lang='lat' dir='ltr'>saepissime</span> <span class='ocrx_word' id='word_1_20' title='bbox 946 917 1070 982; x_wconf 89' lang='lat' dir='ltr'>hae</span> <span class='ocrx_word' id='word_1_21' title='bbox 1116 918 1280 983; x_wconf 85' lang='lat' dir='ltr'>duae</span> <span class='ocrx_word' id='word_1_22' title='bbox 1323 920 1583 984; x_wconf 79' lang='lat' dir='ltr'>litterae</span> <span class='ocrx_word' id='word_1_23' title='bbox 1644 918 1712 981; x_wconf 93' lang='lat' dir='ltr'>in</span> <span class='ocrx_word' id='word_1_24' title='bbox 1771 916 2100 982; x_wconf 81' lang='lat' dir='ltr'>codicibus</span> <span class='ocrx_word' id='word_1_25' title='bbox 2145 915 2553 980; x_wconf 82' lang='lat' dir='ltr'>Terentianis</span> <span class='ocrx_word' id='word_1_26' title='bbox 2607 916 2775 979; x_wconf 88' lang='lat' dir='ltr'>inter</span> 
     </span>
     <span class='ocr_line' id='line_1_5' title="bbox 525 1024 2773 1112; baseline -0.003 -19"><span class='ocrx_word' id='word_1_27' title='bbox 525 1049 594 1093; x_wconf 90' lang='lat' dir='ltr'>se</span> <span class='ocrx_word' id='word_1_28' title='bbox 639 1031 1072 1093; x_wconf 78' lang='lat' dir='ltr'>commutatae</span> <span class='ocrx_word' id='word_1_29' title='bbox 1118 1029 1281 1112; x_wconf 87' lang='lat' dir='ltr'>sint,</span> <span class='ocrx_word' id='word_1_30' title='bbox 1327 1029 1424 1092; x_wconf 90' lang='lat' dir='ltr'>ita</span> <span class='ocrx_word' id='word_1_31' title='bbox 1467 1033 1541 1093; x_wconf 93' lang='lat' dir='ltr'>ut</span> <span class='ocrx_word' id='word_1_32' title='bbox 1586 1028 1809 1091; x_wconf 87' lang='lat' dir='ltr'>ambas</span> <span class='ocrx_word' id='word_1_33' title='bbox 1853 1027 1940 1094; x_wconf 88' lang='lat' dir='ltr'>ad</span> <span class='ocrx_word' id='word_1_34' title='bbox 1977 1025 2256 1091; x_wconf 82' lang='lat' dir='ltr'>&#39;eundem</span> <span class='ocrx_word' id='word_1_35' title='bbox 2305 1047 2533 1093; x_wconf 93' lang='lat' dir='ltr'>sonum</span> <span class='ocrx_word' id='word_1_36' title='bbox 2577 1024 2773 1108; x_wconf 87' lang='lat' dir='ltr'>signi-</span> 
     </span>
     <span class='ocr_line' id='line_1_6' title="bbox 527 1133 2774 1221; baseline -0.001 -19"><span class='ocrx_word' id='word_1_37' title='bbox 527 1138 850 1202; x_wconf 88' lang='lat' dir='ltr'>ficandum</span> <span class='ocrx_word' id='word_1_38' title='bbox 895 1145 1247 1221; x_wconf 87' lang='lat' dir='ltr'>usurpatas</span> <span class='ocrx_word' id='word_1_39' title='bbox 1292 1161 1430 1203; x_wconf 87' lang='lat' dir='ltr'>esse</span> <span class='ocrx_word' id='word_1_40' title='bbox 1477 1145 1541 1202; x_wconf 88' lang='lat' dir='ltr'>et</span> <span class='ocrx_word' id='word_1_41' title='bbox 1587 1158 1792 1219; x_wconf 90' lang='lat' dir='ltr'>aeque</span> <span class='ocrx_word' id='word_1_42' title='bbox 1836 1136 2052 1200; x_wconf 89' lang='lat' dir='ltr'>valere</span> <span class='ocrx_word' id='word_1_43' title='bbox 2097 1136 2224 1200; x_wconf 90' lang='lat' dir='ltr'>dici</span> <span class='ocrx_word' id='word_1_44' title='bbox 2268 1137 2495 1220; x_wconf 89' lang='lat' dir='ltr'>possit.</span> <span class='ocrx_word' id='word_1_45' title='bbox 2561 1133 2774 1212; x_wconf 83' lang='lat' dir='ltr'>Quare</span> 
     </span>
     <span class='ocr_line' id='line_1_7' title="bbox 528 1245 2772 1331; baseline -0.003 -19"><span class='ocrx_word' id='word_1_46' title='bbox 528 1269 671 1312; x_wconf 89' lang='lat' dir='ltr'>cum</span> <span class='ocrx_word' id='word_1_47' title='bbox 728 1249 991 1313; x_wconf 87' lang='lat' dir='ltr'>eaedem</span> <span class='ocrx_word' id='word_1_48' title='bbox 1047 1248 1306 1313; x_wconf 87' lang='lat' dir='ltr'>litterae</span> <span class='ocrx_word' id='word_1_49' title='bbox 1360 1249 1429 1313; x_wconf 88' lang='lat' dir='ltr'>in</span> <span class='ocrx_word' id='word_1_50' title='bbox 1488 1248 1800 1311; x_wconf 89' lang='lat' dir='ltr'>Bembino</span> <span class='ocrx_word' id='word_1_51' title='bbox 1848 1254 1912 1311; x_wconf 88' lang='lat' dir='ltr'>et</span> <span class='ocrx_word' id='word_1_52' title='bbox 1956 1245 2337 1311; x_wconf 87' lang='lat' dir='ltr'>Victoriano</span> <span class='ocrx_word' id='word_1_53' title='bbox 2398 1247 2464 1309; x_wconf 84' lang='lat' dir='ltr'>in</span> <span class='ocrx_word' id='word_1_54' title='bbox 2528 1251 2772 1331; x_wconf 68' lang='lat' dir='ltr'>eptem</span> 
     </span>
     <span class='ocr_line' id='line_1_8' title="bbox 525 1345 2772 1441; baseline -0.001 -20"><span class='ocrx_word' id='word_1_55' title='bbox 525 1359 772 1422; x_wconf 91' lang='lat' dir='ltr'>ultimis</span> <span class='ocrx_word' id='word_1_56' title='bbox 818 1359 1067 1422; x_wconf 80' lang='lat' dir='ltr'>scaenis</span> <span class='ocrx_word' id='word_1_57' title='bbox 1111 1360 1312 1423; x_wconf 90' lang='lat' dir='ltr'>tertia</span> <span class='ocrx_word' id='word_1_58' title='bbox 1357 1358 1569 1441; x_wconf 89' lang='lat' dir='ltr'>quinti</span> <span class='ocrx_word' id='word_1_59' title='bbox 1629 1362 1813 1422; x_wconf 84' lang='lat' dir='ltr'>actus</span> <span class='ocrx_word' id='word_1_60' title='bbox 1874 1345 2107 1420; x_wconf 85' lang='lat' dir='ltr'>scaena</span> <span class='ocrx_word' id='word_1_61' title='bbox 2165 1366 2432 1439; x_wconf 82' lang='lat' dir='ltr'>excepta</span> <span class='ocrx_word' id='word_1_62' title='bbox 2480 1359 2772 1439; x_wconf 65' lang='lat' dir='ltr'>perennia</span> 
     </span>
     <span class='ocr_line' id='line_1_9' title="bbox 525 1467 2772 1552; baseline -0.002 -20"><span class='ocrx_word' id='word_1_63' title='bbox 525 1470 876 1552; x_wconf 88' lang='lat' dir='ltr'>asscriptae</span> <span class='ocrx_word' id='word_1_64' title='bbox 935 1468 1102 1552; x_wconf 90' lang='lat' dir='ltr'>sint,</span> <span class='ocrx_word' id='word_1_65' title='bbox 1163 1467 1359 1531; x_wconf 89' lang='lat' dir='ltr'>etiam</span> <span class='ocrx_word' id='word_1_66' title='bbox 1415 1468 1484 1531; x_wconf 87' lang='lat' dir='ltr'>in</span> <span class='ocrx_word' id='word_1_67' title='bbox 1540 1468 1664 1531; x_wconf 83' lang='lat' dir='ltr'>hac</span> <span class='ocrx_word' id='word_1_68' title='bbox 1711 1488 1977 1548; x_wconf 83' lang='lat' dir='ltr'>scaena,</span> <span class='ocrx_word' id='word_1_69' title='bbox 2039 1470 2106 1530; x_wconf 94' lang='lat' dir='ltr'>in</span> <span class='ocrx_word' id='word_1_70' title='bbox 2153 1487 2283 1549; x_wconf 90' lang='lat' dir='ltr'>qua</span> <span class='ocrx_word' id='word_1_71' title='bbox 2324 1467 2532 1547; x_wconf 66' lang='lat' dir='ltr'>magia</span> <span class='ocrx_word' id='word_1_72' title='bbox 2576 1467 2772 1527; x_wconf 71' lang='lat' dir='ltr'>etiam</span> 
     </span>
     <span class='ocr_line' id='line_1_10' title="bbox 526 1576 2772 1661; baseline -0.002 -18"><span class='ocrx_word' id='word_1_73' title='bbox 526 1577 891 1643; x_wconf 89' lang='lat' dir='ltr'>Victoriani</span> <span class='ocrx_word' id='word_1_74' title='bbox 946 1585 1139 1642; x_wconf 90' lang='lat' dir='ltr'>notae</span> <span class='ocrx_word' id='word_1_75' title='bbox 1196 1583 1536 1660; x_wconf 81' lang='lat' dir='ltr'>corruptae</span> <span class='ocrx_word' id='word_1_76' title='bbox 1591 1598 1731 1641; x_wconf 89' lang='lat' dir='ltr'>esse</span> <span class='ocrx_word' id='word_1_77' title='bbox 1789 1577 2120 1661; x_wconf 85' lang='lat' dir='ltr'>videntur,</span> <span class='ocrx_word' id='word_1_78' title='bbox 2181 1576 2438 1641; x_wconf 87' lang='lat' dir='ltr'>easdem</span> <span class='ocrx_word' id='word_1_79' title='bbox 2484 1576 2638 1639; x_wconf 75' lang='lat' dir='ltr'>clim</span> <span class='ocrx_word' id='word_1_80' title='bbox 2684 1583 2772 1639; x_wconf 75' lang='lat' dir='ltr'>at-</span> 
     </span>
     <span class='ocr_line' id='line_1_11' title="bbox 527 1685 2772 1771; baseline -0.002 -20"><span class='ocrx_word' id='word_1_81' title='bbox 527 1708 654 1770; x_wconf 86' lang='lat' dir='ltr'>que</span> <span class='ocrx_word' id='word_1_82' title='bbox 714 1688 782 1751; x_wconf 92' lang='lat' dir='ltr'>in</span> <span class='ocrx_word' id='word_1_83' title='bbox 840 1687 1155 1751; x_wconf 85' lang='lat' dir='ltr'>Bembino</span> <span class='ocrx_word' id='word_1_84' title='bbox 1213 1687 1472 1753; x_wconf 88' lang='lat' dir='ltr'>litteras</span> <span class='ocrx_word' id='word_1_85' title='bbox 1534 1685 1864 1751; x_wconf 87' lang='lat' dir='ltr'>exstitisse</span> <span class='ocrx_word' id='word_1_86' title='bbox 1921 1707 2041 1769; x_wconf 87' lang='lat' dir='ltr'>pro</span> <span class='ocrx_word' id='word_1_87' title='bbox 2114 1692 2291 1751; x_wconf 84' lang='lat' dir='ltr'>certo</span> <span class='ocrx_word' id='word_1_88' title='bbox 2352 1685 2476 1749; x_wconf 67' lang='lat' dir='ltr'>dis-i</span> <span class='ocrx_word' id='word_1_89' title='bbox 2540 1695 2772 1771; x_wconf 65' lang='lat' dir='ltr'>potest.</span> 
     </span>
     <span class='ocr_line' id='line_1_12' title="bbox 529 1795 2772 1881; baseline -0.003 -19"><span class='ocrx_word' id='word_1_90' title='bbox 529 1796 657 1862; x_wconf 89' lang='lat' dir='ltr'>Sed</span> <span class='ocrx_word' id='word_1_91' title='bbox 706 1796 876 1862; x_wconf 91' lang='lat' dir='ltr'>notis</span> <span class='ocrx_word' id='word_1_92' title='bbox 935 1795 1068 1862; x_wconf 90' lang='lat' dir='ltr'>illis</span> <span class='ocrx_word' id='word_1_93' title='bbox 1128 1797 1301 1861; x_wconf 89' lang='lat' dir='ltr'>inter</span> <span class='ocrx_word' id='word_1_94' title='bbox 1360 1817 1428 1862; x_wconf 88' lang='lat' dir='ltr'>se</span> <span class='ocrx_word' id='word_1_95' title='bbox 1488 1797 1914 1879; x_wconf 85' lang='lat' dir='ltr'>comparatis,</span> <span class='ocrx_word' id='word_1_96' title='bbox 1976 1797 2299 1881; x_wconf 85' lang='lat' dir='ltr'>invenies,</span> <span class='ocrx_word' id='word_1_97' title='bbox 2359 1803 2640 1859; x_wconf 71' lang='lat' dir='ltr'>actorem</span> <span class='ocrx_word' id='word_1_98' title='bbox 2724 1795 2772 1855; x_wconf 71' lang='grc' dir='ltr'><em>Η</em></span> 
     </span>
     <span class='ocr_line' id='line_1_13' title="bbox 525 1905 2780 1991; baseline 0 -21"><span class='ocrx_word' id='word_1_99' title='bbox 525 1906 756 1971; x_wconf 88' lang='lat' dir='ltr'>littera</span> <span class='ocrx_word' id='word_1_100' title='bbox 799 1905 1232 1990; x_wconf 86' lang='lat' dir='ltr'>significatum</span> <span class='ocrx_word' id='word_1_101' title='bbox 1276 1911 1427 1991; x_wconf 90' lang='lat' dir='ltr'>post</span> <span class='ocrx_word' id='word_1_102' title='bbox 1470 1906 1555 1989; x_wconf 94' lang='lat' dir='ltr'>II,</span> <span class='ocrx_word' id='word_1_103' title='bbox 1590 1908 1631 1971; x_wconf 85' lang='lat'><strong>3</strong></span> <span class='ocrx_word' id='word_1_104' title='bbox 1676 1928 1807 1972; x_wconf 92' lang='lat' dir='ltr'>non</span> <span class='ocrx_word' id='word_1_105' title='bbox 1853 1907 1921 1971; x_wconf 93' lang='lat' dir='ltr'>in</span> <span class='ocrx_word' id='word_1_106' title='bbox 1968 1927 2267 1971; x_wconf 88' lang='lat' dir='ltr'>scaenam</span> <span class='ocrx_word' id='word_1_107' title='bbox 2311 1907 2592 1987; x_wconf 67' lang='lat' dir='ltr'>proclii-c,</span> <span class='ocrx_word' id='word_1_108' title='bbox 2624 1907 2676 1967; x_wconf 85' lang='lat' dir='ltr'><em>Z</em></span> <span class='ocrx_word' id='word_1_109' title='bbox 2720 1915 2780 1971; x_wconf 73' lang='lat' dir='ltr'>et</span> 
     </span>
     <span class='ocr_line' id='line_1_14' title="bbox 525 2015 2776 2100; baseline -0.001 -19"><span class='ocrx_word' id='word_1_110' title='bbox 525 2016 584 2081; x_wconf 84' lang='grc' dir='ltr'><em>Θ</em></span> <span class='ocrx_word' id='word_1_111' title='bbox 623 2024 839 2082; x_wconf 86' lang='lat' dir='ltr'>autem</span> <span class='ocrx_word' id='word_1_112' title='bbox 883 2015 1034 2082; x_wconf 88' lang='lat' dir='ltr'>inde</span> <span class='ocrx_word' id='word_1_113' title='bbox 1080 2036 1120 2080; x_wconf 87' lang='lat' dir='ltr'>a</span> <span class='ocrx_word' id='word_1_114' title='bbox 1158 2016 1273 2099; x_wconf 86' lang='lat' dir='ltr'>III,</span> <span class='ocrx_word' id='word_1_115' title='bbox 1319 2017 1360 2080; x_wconf 81' lang='lat'>5</span> <span class='ocrx_word' id='word_1_116' title='bbox 1405 2022 1473 2081; x_wconf 89' lang='lat' dir='ltr'>et</span> <span class='ocrx_word' id='word_1_117' title='bbox 1515 2017 1628 2100; x_wconf 93' lang='lat' dir='ltr'>IV,</span> <span class='ocrx_word' id='word_1_118' title='bbox 1679 2017 1711 2079; x_wconf 91' lang='lat'>1</span> <span class='ocrx_word' id='word_1_119' title='bbox 1762 2015 2017 2081; x_wconf 90' lang='lat' dir='ltr'>demum</span> <span class='ocrx_word' id='word_1_120' title='bbox 2076 2017 2371 2100; x_wconf 87' lang='lat' dir='ltr'>personis</span> <span class='ocrx_word' id='word_1_121' title='bbox 2415 2019 2776 2099; x_wconf 65' lang='lat' dir='ltr'>asem-iptae</span> 
     </span>
     <span class='ocr_line' id='line_1_15' title="bbox 525 2121 2776 2210; baseline -0.001 -20"><span class='ocrx_word' id='word_1_122' title='bbox 525 2146 685 2208; x_wconf 89' lang='lat' dir='ltr'>esse,</span> <span class='ocrx_word' id='word_1_123' title='bbox 733 2126 1134 2209; x_wconf 86' lang='lat' dir='ltr'>eandemque</span> <span class='ocrx_word' id='word_1_124' title='bbox 1181 2125 1448 2191; x_wconf 89' lang='lat' dir='ltr'>Charini</span> <span class='ocrx_word' id='word_1_125' title='bbox 1508 2121 1856 2210; x_wconf 86' lang='lat' dir='ltr'>personam</span> <span class='ocrx_word' id='word_1_126' title='bbox 1903 2147 2074 2191; x_wconf 89' lang='lat' dir='ltr'>nunc</span> <span class='ocrx_word' id='word_1_127' title='bbox 2129 2126 2186 2189; x_wconf 79' lang='lat' dir='ltr'><em>R</em></span> <span class='ocrx_word' id='word_1_128' title='bbox 2232 2144 2403 2189; x_wconf 88' lang='lat' dir='ltr'>nunc</span> <span class='ocrx_word' id='word_1_129' title='bbox 2452 2127 2508 2191; x_wconf 71' lang='grc' dir='ltr'>Θ</span> <span class='ocrx_word' id='word_1_130' title='bbox 2552 2127 2776 2191; x_wconf 75' lang='lat' dir='ltr'>littera</span> 
     </span>
     <span class='ocr_line' id='line_1_16' title="bbox 524 2234 2772 2320; baseline -0 -20"><span class='ocrx_word' id='word_1_131' title='bbox 524 2235 788 2318; x_wconf 77' lang='lat' dir='ltr'>signari.</span> <span class='ocrx_word' id='word_1_132' title='bbox 878 2234 1085 2311; x_wconf 82' lang='lat' dir='ltr'>Quam</span> <span class='ocrx_word' id='word_1_133' title='bbox 1149 2234 1596 2301; x_wconf 86' lang='lat' dir='ltr'>difficultatem</span> <span class='ocrx_word' id='word_1_134' title='bbox 1654 2242 1726 2301; x_wconf 87' lang='lat' dir='ltr'>ut</span> <span class='ocrx_word' id='word_1_135' title='bbox 1783 2237 2152 2320; x_wconf 87' lang='lat' dir='ltr'>expediret,</span> <span class='ocrx_word' id='word_1_136' title='bbox 2212 2234 2528 2301; x_wconf 65' lang='lat' dir='ltr'>Steffenna</span> <span class='ocrx_word' id='word_1_137' title='bbox 2580 2235 2772 2319; x_wconf 56' lang='lat' dir='ltr'>Signi*-</span> 
     </span>
     <span class='ocr_line' id='line_1_17' title="bbox 523 2343 2772 2411; baseline -0.001 -2"><span class='ocrx_word' id='word_1_138' title='bbox 523 2345 892 2410; x_wconf 90' lang='lat' dir='ltr'>ficationem</span> <span class='ocrx_word' id='word_1_139' title='bbox 940 2344 1004 2408; x_wconf 94' lang='lat' dir='ltr'><strong><em>B</em></strong></span> <span class='ocrx_word' id='word_1_140' title='bbox 1060 2343 1283 2410; x_wconf 88' lang='lat' dir='ltr'>littera</span> <span class='ocrx_word' id='word_1_141' title='bbox 1340 2344 1574 2410; x_wconf 87' lang='lat' dir='ltr'>factam</span> <span class='ocrx_word' id='word_1_142' title='bbox 1622 2347 1882 2411; x_wconf 89' lang='lat' dir='ltr'>omnino</span> <span class='ocrx_word' id='word_1_143' title='bbox 1941 2346 2106 2411; x_wconf 87' lang='lat' dir='ltr'>falso</span> <span class='ocrx_word' id='word_1_144' title='bbox 2165 2346 2415 2410; x_wconf 88' lang='lat' dir='ltr'>illatam</span> <span class='ocrx_word' id='word_1_145' title='bbox 2476 2367 2612 2407; x_wconf 65' lang='lat' dir='ltr'>ease</span> <span class='ocrx_word' id='word_1_146' title='bbox 2676 2367 2772 2407; x_wconf 68' lang='lat' dir='ltr'>eu-</span> 
     </span>
     <span class='ocr_line' id='line_1_18' title="bbox 528 2454 2788 2539; baseline -0 -19"><span class='ocrx_word' id='word_1_147' title='bbox 528 2456 811 2539; x_wconf 87' lang='lat' dir='ltr'>spicatus</span> <span class='ocrx_word' id='word_1_148' title='bbox 859 2460 959 2519; x_wconf 81' lang='lat' dir='ltr'>est</span> <span class='ocrx_word' id='word_1_149' title='bbox 1002 2474 1213 2537; x_wconf 90' lang='lat' dir='ltr'>neque</span> <span class='ocrx_word' id='word_1_150' title='bbox 1261 2454 1617 2538; x_wconf 83' lang='lat' dir='ltr'>dubitavit,</span> <span class='ocrx_word' id='word_1_151' title='bbox 1678 2474 1796 2538; x_wconf 92' lang='lat' dir='ltr'>pro</span> <span class='ocrx_word' id='word_1_152' title='bbox 1854 2456 1969 2521; x_wconf 91' lang='lat' dir='ltr'>illa</span> <span class='ocrx_word' id='word_1_153' title='bbox 2023 2456 2243 2521; x_wconf 88' lang='lat' dir='ltr'>littera</span> <span class='ocrx_word' id='word_1_154' title='bbox 2299 2460 2415 2520; x_wconf 89' lang='lat' dir='ltr'>aut</span> <span class='ocrx_word' id='word_1_155' title='bbox 2460 2455 2516 2519; x_wconf 72' lang='grc' dir='ltr'>Θ</span> <span class='ocrx_word' id='word_1_156' title='bbox 2564 2463 2676 2519; x_wconf 77' lang='lat' dir='ltr'>aut</span> <span class='ocrx_word' id='word_1_157' title='bbox 2728 2455 2788 2519; x_wconf 79' lang='grc' dir='ltr'><strong><em>Γ</em></strong></span> 
     </span>
     <span class='ocr_line' id='line_1_19' title="bbox 525 2563 2776 2648; baseline -0.001 -18"><span class='ocrx_word' id='word_1_158' title='bbox 525 2565 819 2630; x_wconf 88' lang='lat' dir='ltr'>litteram</span> <span class='ocrx_word' id='word_1_159' title='bbox 879 2583 1210 2646; x_wconf 88' lang='lat' dir='ltr'>reponere.</span> <span class='ocrx_word' id='word_1_160' title='bbox 1301 2563 1458 2647; x_wconf 86' lang='lat' dir='ltr'>Sed,</span> <span class='ocrx_word' id='word_1_161' title='bbox 1534 2585 1813 2648; x_wconf 85' lang='lat' dir='ltr'>quaese,</span> <span class='ocrx_word' id='word_1_162' title='bbox 1884 2571 2178 2648; x_wconf 88' lang='lat' dir='ltr'>potestne</span> <span class='ocrx_word' id='word_1_163' title='bbox 2238 2564 2415 2629; x_wconf 89' lang='lat' dir='ltr'>credi</span> <span class='ocrx_word' id='word_1_164' title='bbox 2468 2563 2524 2627; x_wconf 68' lang='grc' dir='ltr'>Θ</span> <span class='ocrx_word' id='word_1_165' title='bbox 2580 2567 2648 2627; x_wconf 79' lang='lat' dir='ltr'>in</span> <span class='ocrx_word' id='word_1_166' title='bbox 2712 2563 2776 2627; x_wconf 70' lang='lat' dir='ltr'>fi</span> 
     </span>
     <span class='ocr_line' id='line_1_20' title="bbox 529 2674 2776 2758; baseline 0 -20"><span class='ocrx_word' id='word_1_167' title='bbox 529 2680 908 2758; x_wconf 84' lang='lat' dir='ltr'>corruptam</span> <span class='ocrx_word' id='word_1_168' title='bbox 961 2693 1136 2757; x_wconf 92' lang='lat' dir='ltr'>esse,</span> <span class='ocrx_word' id='word_1_169' title='bbox 1193 2674 1324 2757; x_wconf 87' lang='lat' dir='ltr'>vel,</span> <span class='ocrx_word' id='word_1_170' title='bbox 1386 2695 1531 2738; x_wconf 90' lang='lat' dir='ltr'>cum</span> <span class='ocrx_word' id='word_1_171' title='bbox 1588 2675 1657 2738; x_wconf 92' lang='lat' dir='ltr'>in</span> <span class='ocrx_word' id='word_1_172' title='bbox 1713 2674 2011 2740; x_wconf 91' lang='lat' dir='ltr'>omnibus</span> <span class='ocrx_word' id='word_1_173' title='bbox 2069 2675 2298 2738; x_wconf 89' lang='lat' dir='ltr'>ceteris</span> <span class='ocrx_word' id='word_1_174' title='bbox 2354 2674 2588 2739; x_wconf 75' lang='lat' dir='ltr'>fabulis</span> <span class='ocrx_word' id='word_1_175' title='bbox 2644 2675 2776 2739; x_wconf 71' lang='lat' dir='ltr'>{ere</span> 
     </span>
     <span class='ocr_line' id='line_1_21' title="bbox 524 2783 2776 2868; baseline -0 -20"><span class='ocrx_word' id='word_1_176' title='bbox 524 2785 844 2851; x_wconf 87' lang='lat' dir='ltr'>maximas</span> <span class='ocrx_word' id='word_1_177' title='bbox 906 2790 1127 2868; x_wconf 89' lang='lat' dir='ltr'>partes</span> <span class='ocrx_word' id='word_1_178' title='bbox 1174 2784 1416 2867; x_wconf 85' lang='lat' dir='ltr'>actori,</span> <span class='ocrx_word' id='word_1_179' title='bbox 1477 2784 1592 2867; x_wconf 89' lang='lat' dir='ltr'>qui</span> <span class='ocrx_word' id='word_1_180' title='bbox 1639 2784 1704 2847; x_wconf 91' lang='lat' dir='ltr'><em>B</em></span> <span class='ocrx_word' id='word_1_181' title='bbox 1748 2783 1968 2849; x_wconf 90' lang='lat' dir='ltr'>littera</span> <span class='ocrx_word' id='word_1_182' title='bbox 2026 2783 2428 2867; x_wconf 80' lang='lat' dir='ltr'>significatus</span> <span class='ocrx_word' id='word_1_183' title='bbox 2472 2795 2604 2867; x_wconf 67' lang='lat' dir='ltr'>eat,</span> <span class='ocrx_word' id='word_1_184' title='bbox 2664 2785 2776 2847; x_wconf 78' lang='lat' dir='ltr'>tri-</span> 
     </span>
     <span class='ocr_line' id='line_1_22' title="bbox 525 2892 2772 2976; baseline 0.001 -19"><span class='ocrx_word' id='word_1_185' title='bbox 525 2892 718 2957; x_wconf 89' lang='lat' dir='ltr'>butas</span> <span class='ocrx_word' id='word_1_186' title='bbox 765 2914 903 2958; x_wconf 89' lang='lat' dir='ltr'>esse</span> <span class='ocrx_word' id='word_1_187' title='bbox 949 2894 1312 2976; x_wconf 86' lang='lat' dir='ltr'>videamus,</span> <span class='ocrx_word' id='word_1_188' title='bbox 1373 2892 1442 2955; x_wconf 89' lang='lat' dir='ltr'>in</span> <span class='ocrx_word' id='word_1_189' title='bbox 1502 2892 1625 2957; x_wconf 89' lang='lat' dir='ltr'>hac</span> <span class='ocrx_word' id='word_1_190' title='bbox 1688 2894 1827 2959; x_wconf 92' lang='lat' dir='ltr'>sola</span> <span class='ocrx_word' id='word_1_191' title='bbox 1884 2893 2109 2959; x_wconf 87' lang='lat' dir='ltr'>fabula</span> <span class='ocrx_word' id='word_1_192' title='bbox 2152 2894 2338 2962; x_wconf 86' lang='lat' dir='ltr'>illam</span> <span class='ocrx_word' id='word_1_193' title='bbox 2381 2903 2604 2959; x_wconf 72' lang='lat' dir='ltr'>notam</span> <span class='ocrx_word' id='word_1_194' title='bbox 2648 2915 2772 2959; x_wconf 72' lang='lat' dir='ltr'>non</span> 
     </span>
     <span class='ocr_line' id='line_1_23' title="bbox 525 3002 2776 3087; baseline -0 -20"><span class='ocrx_word' id='word_1_195' title='bbox 525 3010 905 3086; x_wconf 88' lang='lat' dir='ltr'>usurpatam</span> <span class='ocrx_word' id='word_1_196' title='bbox 966 3024 1104 3068; x_wconf 86' lang='lat' dir='ltr'>esse</span> <span class='ocrx_word' id='word_1_197' title='bbox 1151 3002 1235 3066; x_wconf 87' lang='lat' dir='ltr'>ad</span> <span class='ocrx_word' id='word_1_198' title='bbox 1282 3008 1561 3067; x_wconf 87' lang='lat' dir='ltr'>actorem</span> <span class='ocrx_word' id='word_1_199' title='bbox 1615 3002 2157 3087; x_wconf 78' lang='lat' dir='ltr'>significandum?</span> <span class='ocrx_word' id='word_1_200' title='bbox 2243 3004 2468 3069; x_wconf 72' lang='lat' dir='ltr'>Potius</span> <span class='ocrx_word' id='word_1_201' title='bbox 2508 3007 2564 3067; x_wconf 82' lang='lat' dir='ltr'><em>Z</em></span> <span class='ocrx_word' id='word_1_202' title='bbox 2608 3015 2672 3067; x_wconf 77' lang='lat' dir='ltr'>et</span> <span class='ocrx_word' id='word_1_203' title='bbox 2720 3003 2776 3067; x_wconf 69' lang='grc' dir='ltr'>Θ</span> 
     </span>
     <span class='ocr_line' id='line_1_24' title="bbox 525 3112 2776 3195; baseline -0.001 -18"><span class='ocrx_word' id='word_1_204' title='bbox 525 3113 779 3178; x_wconf 88' lang='lat' dir='ltr'>litteras</span> <span class='ocrx_word' id='word_1_205' title='bbox 824 3121 954 3178; x_wconf 73' lang='lat' dir='ltr'>no‘n</span> <span class='ocrx_word' id='word_1_206' title='bbox 1001 3113 1263 3195; x_wconf 90' lang='lat' dir='ltr'>quidem</span> <span class='ocrx_word' id='word_1_207' title='bbox 1307 3112 1510 3180; x_wconf 88' lang='lat' dir='ltr'>falsas</span> <span class='ocrx_word' id='word_1_208' title='bbox 1556 3133 1696 3178; x_wconf 87' lang='lat' dir='ltr'>esse</span> <span class='ocrx_word' id='word_1_209' title='bbox 1741 3114 2031 3178; x_wconf 80' lang='lat' dir='ltr'>sednon</span> <span class='ocrx_word' id='word_1_210' title='bbox 2075 3115 2448 3195; x_wconf 72' lang='lat' dir='ltr'>convenire,</span> <span class='ocrx_word' id='word_1_211' title='bbox 2496 3115 2776 3195; x_wconf 61' lang='lat' dir='ltr'>assedam,</span> 
     </span>
     <span class='ocr_line' id='line_1_25' title="bbox 529 3221 1188 3287; baseline 0 -2"><span class='ocrx_word' id='word_1_212' title='bbox 529 3242 673 3287; x_wconf 90' lang='lat' dir='ltr'>cum</span> <span class='ocrx_word' id='word_1_213' title='bbox 719 3223 950 3286; x_wconf 88' lang='lat' dir='ltr'>ceteris</span> <span class='ocrx_word' id='word_1_214' title='bbox 996 3221 1188 3286; x_wconf 73' lang='lat' dir='ltr'>notis</span> 
     </span>
    </p>

    <p class='ocr_par' dir='ltr' id='par_1_3' title="bbox 527 3322 2780 3744">
     <span class='ocr_line' id='line_1_26' title="bbox 690 3322 2776 3424; baseline -0.001 -27"><span class='ocrx_word' id='word_1_215' title='bbox 690 3322 825 3397; x_wconf 48' lang='lat' dir='ltr'>‘Sed</span> <span class='ocrx_word' id='word_1_216' title='bbox 868 3330 1028 3394; x_wconf 89' lang='lat' dir='ltr'>haec</span> <span class='ocrx_word' id='word_1_217' title='bbox 1087 3330 1438 3424; x_wconf 78' lang='lat' dir='ltr'>difficultas</span> <span class='ocrx_word' id='word_1_218' title='bbox 1494 3352 1628 3396; x_wconf 92' lang='lat' dir='ltr'>non</span> <span class='ocrx_word' id='word_1_219' title='bbox 1686 3330 1896 3396; x_wconf 88' lang='lat' dir='ltr'>solum</span> <span class='ocrx_word' id='word_1_220' title='bbox 1954 3332 2022 3396; x_wconf 92' lang='lat' dir='ltr'>in</span> <span class='ocrx_word' id='word_1_221' title='bbox 2065 3331 2259 3397; x_wconf 89' lang='lat' dir='ltr'>huius</span> <span class='ocrx_word' id='word_1_222' title='bbox 2303 3330 2560 3399; x_wconf 66' lang='lat' dir='ltr'>fabulae</span> <span class='ocrx_word' id='word_1_223' title='bbox 2604 3335 2776 3399; x_wconf 74' lang='lat' dir='ltr'>notia</span> 
     </span>
     <span class='ocr_line' id='line_1_27' title="bbox 527 3440 2780 3527; baseline 0.001 -22"><span class='ocrx_word' id='word_1_224' title='bbox 527 3440 955 3506; x_wconf 86' lang='lat' dir='ltr'>restituendis</span> <span class='ocrx_word' id='word_1_225' title='bbox 1002 3442 1248 3523; x_wconf 89' lang='lat' dir='ltr'>oritur,</span> <span class='ocrx_word' id='word_1_226' title='bbox 1293 3440 1408 3505; x_wconf 91' lang='lat' dir='ltr'>sed</span> <span class='ocrx_word' id='word_1_227' title='bbox 1451 3441 1676 3505; x_wconf 89' lang='lat' dir='ltr'>eodem</span> <span class='ocrx_word' id='word_1_228' title='bbox 1719 3440 1911 3505; x_wconf 89' lang='lat' dir='ltr'>modo</span> <span class='ocrx_word' id='word_1_229' title='bbox 1954 3442 2024 3505; x_wconf 92' lang='lat' dir='ltr'>in</span> <span class='ocrx_word' id='word_1_230' title='bbox 2066 3440 2488 3523; x_wconf 67' lang='lat' dir='ltr'>Phormione,</span> <span class='ocrx_word' id='word_1_231' title='bbox 2536 3447 2600 3507; x_wconf 81' lang='lat' dir='ltr'>in</span> <span class='ocrx_word' id='word_1_232' title='bbox 2648 3463 2780 3527; x_wconf 70' lang='lat' dir='ltr'>qua</span> 
     </span>
     <span class='ocr_line' id='line_1_28' title="bbox 528 3549 2776 3634; baseline 0 -21"><span class='ocrx_word' id='word_1_233' title='bbox 528 3550 754 3616; x_wconf 86' lang='lat' dir='ltr'>fabula</span> <span class='ocrx_word' id='word_1_234' title='bbox 830 3571 997 3634; x_wconf 89' lang='lat' dir='ltr'>quae</span> <span class='ocrx_word' id='word_1_235' title='bbox 1068 3552 1324 3616; x_wconf 85' lang='lat' dir='ltr'>litterae</span> <span class='ocrx_word' id='word_1_236' title='bbox 1393 3571 1821 3634; x_wconf 88' lang='lat' dir='ltr'>personarum</span> <span class='ocrx_word' id='word_1_237' title='bbox 1893 3549 2340 3620; x_wconf 82' lang='lat' dir='ltr'>distributioni</span> <span class='ocrx_word' id='word_1_238' title='bbox 2412 3551 2776 3619; x_wconf 59' lang='lat' dir='ltr'>inser-:iisssss</span> 
     </span>
     <span class='ocr_line' id='line_1_29' title="bbox 527 3659 1879 3744; baseline 0 -20"><span class='ocrx_word' id='word_1_239' title='bbox 527 3659 894 3744; x_wconf 86' lang='lat' dir='ltr'>videantur,</span> <span class='ocrx_word' id='word_1_240' title='bbox 942 3680 1022 3724; x_wconf 87' lang='lat' dir='ltr'>ex</span> <span class='ocrx_word' id='word_1_241' title='bbox 1063 3661 1188 3724; x_wconf 91' lang='lat' dir='ltr'>hac</span> <span class='ocrx_word' id='word_1_242' title='bbox 1233 3659 1460 3725; x_wconf 89' lang='lat' dir='ltr'>tabula</span> <span class='ocrx_word' id='word_1_243' title='bbox 1503 3680 1879 3744; x_wconf 85' lang='lat' dir='ltr'>pernosces:</span> 
     </span>
    </p>
   </div>
  </div>
 </body>
</html>
