3192 4967
1299 437 1732 506 ...1ss...-

575 605 777 671 Immo
832 606 1017 672 aliud
1076 615 1529 691 argumentum
1588 629 1669 674 ex
1725 610 2013 693 prologis
2059 609 2469 696 Terentianis
2515 609 2657 676 e‘rui

407 705 599 802 poss'e
643 715 871 800 cred0,
918 738 1047 800 quo
1094 719 1350 783 ostendi
1395 740 1587 803 posse
1633 719 1911 802 videtur,
1960 720 2289 805 Adelphos
2333 724 2483 802 post
2527 720 2653 784 Eu-

408 826 692 891 nuchum
737 825 996 891 demum
1040 833 1255 892 actam
1298 849 1438 894 esse
1482 828 1810 896 debere.

578 935 823 1002 Eodem
868 938 1038 1002 enim
1082 937 1273 1003 modo
1318 944 1393 1002 ut
1437 940 1506 1003 in
1548 939 1745 1004 Haut.
1789 942 1951 1023 prol.
1998 940 2339 1006 Terentius
2391 937 2655 1023 respicit

410 1046 493 1112 ad
522 1047 997 1134 accusationem
1031 1046 1567 1131 adversariorum,
1614 1050 1797 1115 cuius
1814 1050 1944 1114 iam
1973 1050 2043 1114 in
2069 1049 2354 1114 Andriae
2383 1048 2653 1134 prologo

412 1158 807 1221 mentionem
849 1155 1129 1241 fecerat,
1189 1179 1420 1242 nempe
1472 1180 1620 1224 eum
1677 1159 1934 1224 fabulas
1990 1148 2507 1241 contaminasse,
2563 1160 2653 1223 sic

409 1267 479 1331 in
535 1265 810 1349 Adelph.
869 1266 1037 1351 prol.
1093 1269 1441 1334 nonnullos
1498 1289 1721 1334 versus
1774 1268 1861 1335 ad
1916 1270 2393 1334 accusationem
2443 1261 2511 1334 ¹ei
2570 1269 2654 1335 ob

413 1375 798 1441 Eunuchum
859 1374 1102 1441 factam
1155 1385 1452 1462 spectare
1510 1380 1723 1445 credo.
1808 1377 1885 1444 In
1927 1377 2089 1444 Eun.
2149 1380 2319 1443 enim
2377 1379 2541 1463 prol.
2586 1400 2645 1444 V.

412 1486 490 1549 19
535 1484 884 1569 sqq„haec
927 1486 1126 1551 verba
1169 1487 1502 1572 leguntur:

1561 1620 1828 1684 „quam*
1848 1621 2023 1664 nunc
2066 1599 2277 1664 acturi
2322 1619 2563 1665 eumue.

659 1705 1004 1770 Menandri
1029 1707 1434 1792 Eunuchum,
1479 1713 1833 1793 postquam
1876 1710 2119 1775 aediles
2165 1713 2481 1791 emerunt,

662 1797 946 1880 Perfecit
990 1816 1116 1881 sibi
1158 1823 1235 1882 ut
1277 1818 1676 1903 inspiciundi
1719 1825 1892 1884 esset
1935 1820 2141 1903 copia.

657 1926 1087 2009 Magistratus
1132 1949 1328 2010 quom
1371 1929 1463 1994 ibi
1510 1928 1782 2013 adesset,
1830 1930 2185 2013 occepta’st
2228 1929 2350 2011 agi.

668 2035 1026 2120 Exclamat,
1071 2036 1368 2121 furem,
1412 2060 1574 2105 non
1619 2042 1883 2124 poetam
1928 2038 2218 2104 fabulam

659 2144 933 2211 Dedisse
975 2152 1042 2212 et
1084 2147 1180 2212 nil
1224 2148 1480 2214 dedisse
1523 2148 1865 2214 verborum
1907 2155 2138 2215 tamen.

663 2254 957 2322 Colacem
1001 2278 1143 2322 esse
1184 2257 1387 2323 Naevi
1431 2264 1498 2323 et
1540 2257 1782 2342 Plauti,
1825 2264 2109 2324 veterem
2151 2257 2463 2340 fabulam,

662 2365 944 2433 Parasiti
987 2385 1331 2448 personam
1374 2369 1525 2434 inde
1567 2369 1851 2434 ablatam
1896 2373 1959 2433 e't
2000 2369 2239 2433 militie.

664 2476 733 2542 Si
778 2471 846 2540 id
891 2484 987 2542 est
1027 2483 1387 2561 peccatum,
1429 2485 1768 2562 peccatum
1810 2478 2333 2564 imprudentia’st

602 2669 606 2672 v
665 2586 921 2669 Poetae,
969 2608 1100 2653 non
1146 2609 1276 2671 quo
1320 2587 1638 2654 furtum
1681 2587 1964 2655 facere
2010 2586 2392 2654 studuerit.“

579 2694 647 2760 Si
689 2702 1090 2782 reputamus,
1136 2706 1386 2782 quanta
1428 2698 1675 2764 invidia
1704 2700 1998 2782 LusciuS,
2043 2698 2156 2762 ille
2200 2703 2385 2762 vetus
2428 2696 2647 2777 poeta,

411 2804 788 2872 adversatus
835 2808 923 2872 sit
967 2807 1305 2892 TerentiO,
1364 2809 1554 2874 facile
1610 2809 1906 2893 intellegi
1949 2814 2199 2894 potest,
2258 2827 2440 2889 eum,
2501 2826 2646 2869 cum

413 2916 764 2982 Eunuchus
810 2922 1154 3001 tantopere
1197 2920 1578 3003 placuisset,
1620 2925 1698 2984 ut
1742 2920 1968 2988 statim
2001 2924 2422 3001 repeteretur,
2466 2934 2646 2979 accu-

407 3028 746 3112 sationem,
790 3050 989 3112 quam
1031 3029 1162 3092 iam
1197 3036 1545 3110 antequam
1588 3028 1930 3114 agebatur,
1972 3029 2372 3111 instituerat,
2412 3044 2646 3107 nempe

410 3136 723 3203 furtum
782 3137 1095 3202 factum
1151 3159 1289 3204 esse
1348 3158 1388 3202 a
1445 3139 1750 3203 Terentio
1767 3188 1786 3222 ,
1842 3143 2010 3222 post,
2049 3140 2290 3204 bonum
2349 3142 2649 3202 eventum

412 3246 678 3315 fabulae
723 3249 923 3313 etiam
960 3248 1167 3332 magis
1199 3250 1519 3316 elocutum
1566 3271 1722 3315 esse.
1782 3248 1952 3326 Quid
1980 3254 2219 3333 autem,
2264 3253 2318 3313 si
2360 3248 2429 3312 in
2460 3245 2649 3310 Adel-

408 3357 590 3441 phon
646 3359 917 3444 prologo
976 3359 1174 3423 verba
1225 3365 1513 3443 exstant,
1560 3380 1728 3442 quae
1771 3361 1932 3442 quin
1957 3359 2060 3423 ad
2104 3357 2287 3423 illam
2330 3356 2647 3421 obtrecta-

409 3469 652 3535 tionem
695 3474 763 3533 et
821 3469 1212 3534 calumniam
1270 3474 1601 3554 spectent,
1661 3470 1951 3535 dubitari
1992 3489 2124 3533 non
2167 3466 2426 3551 potest?
2484 3471 2653 3529 Nam

412 3600 606 3661 quam
652 3562 734 3644 ob
779 3599 1042 3646 causam
1086 3580 1211 3643 nisi
1266 3579 1430 3644 illud
1471 3580 1826 3663 respiciens
1865 3578 2206 3643 Terentius
2248 3576 2412 3641 haec
2451 3574 2652 3641 verba
2727 3569 2732 3572 ’

416 3690 680 3773 scripsit
721 3690 791 3754 in
835 3689 998 3772 prol.
1045 3689 1128 3773 (v.
1174 3688 1430 3775 6-14)=

578 3798 1299 3884 „Synapothnescontes
1343 3800 1598 3883 Diphili
1642 3798 2090 3866 comoedia'stx

582 3909 746 3974 Eam
791 3910 1297 3976 Commorientes
1341 3910 1615 3977 Plautus
1659 3910 1816 3975 fecit
1859 3910 2162 3976 fabulam.

583 4018 661 4083 In
706 4018 958 4087 Graeca
1002 4016 1382 4089 adulescens
1427 4026 1547 4104 est,
1592 4021 1709 4103 qui
1750 4020 1972 4087 lenoni
2015 4019 2213 4103 eripit

578 4128 980 4206 Meretricem
1024 4132 1094 4194 in
1139 4132 1351 4212 prima
1393 4129 1650 4195 fabula:
1694 4151 1840 4195 eum
1880 4129 2155 4215 Plautus
2198 4129 2413 4194 locum
2515 4117 2518 4118 ⁷

579 4239 870 4326 Reliquit
911 4240 1257 4327 integrum,
1302 4261 1448 4308 eum
1491 4241 1598 4307 hic
1643 4242 1853 4309 locum
1898 4240 2176 4326 sumpsit
2218 4239 2344 4309 sibi
