3192 4967
1471 445 1889 509 ..28—

555 613 1039 696 computatione
1065 612 1202 677 eius
1228 618 1641 696 sequeretur3
1668 616 1759 679 sic
1779 615 1950 679 enim
1978 606 2154 680 credi
2185 622 2422 701 posset,
2443 617 2803 699 posteriore

555 728 844 806 tempore
888 744 1227 787 numerum
1266 728 1562 789 actorum
1607 731 1862 796 auctum
1908 739 2064 790 e'sse.
2154 728 2368 804 Quare
2412 709 2803 792 Schmidtius

556 833 1117 919 argumentatione
1164 855 1283 898 sua
1327 833 1495 899 nihil
1550 836 1865 920 ostendit,
1926 835 2054 901 nisi
2110 827 2270 920 quot
2328 838 2806 906 necessarii

553 943 800 1009 fuerint
830 947 1083 1008 actores
1117 945 1203 1011 ad
1228 941 1756 1028 unamquamque
1786 944 2078 1011 fabulam
2102 946 2440 1031 agendam,
2488 942 2600 1012 sed
2629 947 2804 1014 facto

554 1061 690 1120 tam
721 1074 967 1137 paucos
1008 1056 1109 1120 vel
1152 1058 1268 1139 tot,
1313 1061 1477 1138 quot
1520 1055 1750 1140 voluit,
1796 1056 2121 1123 adhibitos
2167 1077 2306 1122 esse
2352 1063 2627 1141 actoreS,
2673 1081 2804 1125 non

556 1165 764 1231 solum
810 1187 941 1229 11011
986 1164 1333 1230 verisimile
1378 1165 1493 1230 sed
1535 1186 1617 1230 ne
1661 1164 1997 1250 probabile
2043 1167 2308 1250 quidem
2350 1168 2655 1234 reddidit.

723 1276 861 1340 Iam
888 1275 1076 1364 nobis
1103 1276 1571 1341 transeundum
1618 1282 1718 1341 est
1763 1276 1846 1342 ad
1877 1276 2142 1343 Steffeni
2173 1278 2804 1363 argumentationem

563 1385 1055 1452 examinandam
1101 1390 1167 1449 et
1206 1385 1707 1452 diiudicandam.
1795 1390 1872 1453 In
1901 1389 2116 1472 prima
2145 1385 2619 1455 dissertationis
2652 1410 2806 1456 suae

550 1503 741 1583 parte
774 1495 1116 1561 ostendere
1143 1496 1384 1581 studet,
1416 1518 1662 1562 morem
1692 1498 1876 1563 illum
1895 1497 2291 1564 Graecorum
2315 1500 2384 1563 in
2416 1499 2806 1566 distribuen-

558 1608 655 1673 dis
712 1605 1008 1689 personis
1070 1607 1467 1672 translatum
1527 1629 1667 1673 esse
1723 1609 1806 1672 ad
1863 1610 2206 1674 Romanos.
2310 1607 2548 1676 Allatis
2605 1611 2809 1695 igitur

561 1718 695 1783 illis
753 1717 1142 1783 testimoniis
1199 1739 1278 1782 ex
1322 1718 1597 1783 Horatio
1645 1724 1710 1785 et
1754 1718 2066 1784 Diomede
2126 1719 2381 1805 petitis,
2446 1742 2527 1786 ex
2571 1722 2805 1805 quibus

555 1828 725 1893 nihil
754 1828 838 1891 ad
868 1833 1164 1893 actorum
1209 1850 1551 1895 numerum
1596 1828 2031 1894 definiendum
2076 1830 2294 1914 colligi
2324 1832 2547 1916 possit,
2591 1833 2808 1916 pergit

548 1938 634 2002 ad
665 1938 980 2003 Euanthii
1021 1939 1237 2006 verba.
1308 1938 1408 2003 Ex
1437 1938 1673 2021 quibus
1706 1961 1852 2004 cum
1889 1941 2206 2024 acerrima
2239 1944 2808 2025 argumentatione

551 2053 617 2112 et
653 2048 1013 2116 subtilitate
1050 2070 1388 2114 numerum
1419 2057 1713 2114 actorum
1757 2049 1826 2113 in
1860 2051 2073 2115 media
2116 2057 2179 2115 et
2214 2071 2383 2118 nova
2410 2051 2807 2117 Graecorum
2905 2113 2910 2118 .

555 2159 883 2223 comoedia
941 2166 1321 2244 usurpatum
1365 2159 1679 2252 indagare
1724 2165 1791 2223 et
1834 2158 2106 2226 definire
2151 2162 2513 2246 studuerit,
2576 2153 2809 2247 oper-ae

551 2269 832 2350 pretium
891 2270 1049 2353 erit,
1109 2270 1303 2352 paulo
1355 2270 1723 2335 accuratius
1783 2271 2240 2354 disputationis
2298 2273 2434 2337 eius
2494 2293 2808 2338 summam

558 2382 624 2442 et
684 2381 1158 2444 sententiarum
1204 2380 1496 2445 ordinem
1544 2401 1867 2446 enarrare.
1960 2380 2192 2448 Verbis
2238 2381 2367 2448 illis
2413 2373 2805 2468 EuanthiuS,

556 2510 752 2572 quam
786 2490 1192 2573 paucissimis
1226 2489 1367 2554 fieri
1397 2496 1637 2575 potest,
1670 2490 1988 2573 quomodo
2020 2492 2356 2557 comoedia
2380 2498 2445 2557 et
2473 2493 2807 2577 tragoedia

551 2606 733 2663 ortae
780 2601 913 2664 sint
949 2606 1016 2664 et
1060 2602 1297 2664 sensim
1339 2600 1425 2667 ad
1454 2600 1813 2682 perfectam
1842 2609 1908 2666 et
1936 2602 2326 2686 perpolitam
2356 2603 2626 2670 formam
2659 2624 2801 2687 per·

548 2711 874 2793 venerint,
924 2711 1264 2794 exponit.*)
1332 2711 1726 2795 „Comoedia
1740 2760 1758 2794 ,
1805 2711 2037 2794 inquit,
2083 2713 2217 2776 fere
2265 2720 2481 2798 vetus,
2542 2719 2632 2778 ut‘
2660 2709 2805 2795 ip‘sa

549 2840 808 2902 quoque
867 2820 1021 2884 olim
1087 2822 1429 2905 tragoedia
1494 2821 1767 2904 simplex
1821 2842 2079 2886 carmen
2125 2822 2287 2907 fuit,
2346 2824 2522 2906 quod
2568 2825 2799 2889 chorus

551 2930 721 2993 circa
779 2950 926 2994 aras
974 2929 1299 2995 fumantes
1345 2952 1518 2996 nunc
1564 2933 1881 3014 spatiatus
1893 2982 1912 3014 ,
1972 2955 2145 2997 nunc
2190 2934 2539 3017 consisten,
2600 2952 2793 3000 snunc

544 3040 881 3105 revolvens
963 3062 1153 3125 gyros
1212 3062 1356 3106 cum
1420 3042 1689 3105 tibicine
1749 3043 2162 3128 concinebat,
2236 3044 2351 3109 sed
2402 3047 2615 3127 primo
2669 3064 2797 3108 una

546 3171 834 3235 persona
879 3150 1239 3216 substituta
1283 3158 1383 3217 est
1429 3153 1827 3236 cantoribuS,
1875 3172 2042 3235 quae
2086 3155 2486 3237 respondens
2535 3155 2800 3220 alternis

545 3260 742 3327 choro
789 3261 1208 3346 locupletavit
1250 3264 1649 3345 variavitque
1693 3284 1829 3328 rem
1872 3265 2206 3349 musicam,
2250 3270 2392 3329 tum
2421 3266 2632 3331 altera
2663 3270 2802 3330 tum

543 3372 745 3436 tertia
806 3378 871 3435 et
931 3372 1017 3436 ad
1079 3380 1476 3456 postremum
1520 3381 1843 3439 crescente
1891 3396 2159 3440 numero
2205 3396 2320 3460 per
2363 3382 2659 3440 auctores
2707 3376 2800 3439 di—

543 3502 760 3545 versos
807 3502 1161 3566 personae,
1223 3483 1474 3566 pallae,
1537 3482 1879 3567 cothurni,
1939 3485 2110 3548 socci
2170 3492 2232 3550 et
2289 3486 2486 3550 ceteri
2530 3491 2798 3550 ornatus

544 3596 736 3672 atque
807 3592 1092 3673 insignia
1160 3594 1600 3656 scaenicorum
1659 3599 1919 3676 reperta
1978 3600 2044 3658 et
2103 3595 2187 3659 ad
2257 3596 2381 3660 hoc
2449 3595 2799 3678 unicuique

543 3721 699 3764 suus
756 3699 1051 3775 habitus3
1113 3706 1177 3765 et
1243 3701 1326 3764 ad
1371 3701 1700 3785 ultimum,
1762 3703 1873 3783 qui
1917 3704 2275 3786 primarum
2319 3708 2639 3788 partium,
2686 3706 2800 3788 qui

542 3811 973 3875 secundarum
1031 3815 1097 3874 et
1157 3812 1538 3895 tertiarum,
1601 3813 1712 3894 qui
1756 3818 2134 3896 quartarum
2178 3820 2375 3900 atque
2418 3815 2796 3898 quintarum

543 3927 793 3987 actores
848 3928 1095 4006 essent,
1158 3920 1509 3986 distributa
1554 3927 1620 3986 et
1667 3922 1874 3987 divisa
1919 3925 2457 4009 quinquepartito
2518 3931 2662 3989 tota
2694 3931 2802 4018 pst
2887 3935 2890 3936 ’

541 4030 827 4096 fabula.“
879 4069 954 4079 —
1032 4032 1172 4097 Iam
1228 4052 1429 4114 supra
1464 4032 1872 4116 significavi,
1933 4034 2120 4098 nobis
2167 4037 2361 4100 certis
2409 4035 2797 4100 testimoniis

676 4267 724 4331 ¹¹¹³)
761 4285 812 4337 p.
855 4268 971 4322 LV.
1009 4266 1355 4322 Westerhov.
