3192 4967
1402 451 1916 521 —24--·

491 611 702 692 temus
762 629 831 690 et
887 626 1347 692 examinemus,
1455 627 1554 692 De
1611 624 1727 691 illo
1800 629 2019 691 autem
2074 625 2268 692 tertio
2335 626 2732 710 testimonie,

488 735 665 819 quod
691 736 972 819 petitum
1001 740 1102 801 est
1130 756 1209 800 ex
1239 735 1555 801 Euanthii
1596 736 1723 821 „de
1752 740 1918 820 trag.
1963 741 2031 802 et
2054 737 2257 801 com.“
2279 735 2733 822 disputatione,

490 848 710 931 aptius
756 867 1020 930 agemus
1063 846 1131 910 in
1177 843 1441 912 Steffeni
1484 847 2048 930 argumentatione
2093 845 2543 930 diiudicanda,
2588 867 2734 912 cum

488 955 886 1022 Schmidtius
943 978 1024 1020 ex
1081 977 1156 1022 eo
1211 954 1556 1029 fere,nihil
1602 954 1887 1021 effecerit
1931 955 2020 1023 ad
2062 957 2505 1041 quaestionem
2549 957 2733 1022 insti-

486 1072 718 1133 tutam.
1879 1080 1886 1087 ‘

657 1175 849 1243 Illam
905 1178 1199 1261 regulam
1254 1197 1333 1241 ex
1375 1176 1636 1242 Horatii
1696 1175 1982 1261 epistula
2026 1176 2293 1242 allatam
2338 1176 2734 1243 Schmidtius

490 1287 969 1372 quodammodo
1000 1287 1204 1353 etiam
1246 1286 1314 1351 in
1343 1284 1583 1351 fabulis
1612 1284 1939 1352 Plautinis
1984 1294 2047 1353 et
2073 1287 2488 1354 Terentianis
2519 1288 2736 1352 valere
2793 1339 2802 1348 .

492 1397 849 1480 contendit,
894 1417 1039 1461 cum
1083 1395 1218 1460 fere
1262 1398 1330 1462 in
1362 1397 1663 1463 omnibus
1708 1398 1982 1480 scaenis,
2027 1403 2095 1462 in
2140 1397 2376 1482 quibus
2406 1396 2735 1465 ternarius

491 1508 600 1573 ille
629 1526 935 1572 numerus
964 1511 1254 1572 retentus
1299 1527 1431 1572 non
1475 1512 1668 1590 esset,
1711 1508 1808 1572 ita
1849 1528 1987 1571 rem
2017 1510 2248 1590 poetae
2278 1493 2736 1591 instituissent,

489 1622 565 1682 ut
607 1617 818 1684 tribus
862 1617 964 1682 vel
998 1617 1246 1682 duobus
1276 1617 1570 1701 personis
1601 1616 1776 1682 inter
1820 1639 1888 1682 se
1921 1616 2462 1702 colloquentibus,
2504 1624 2739 1700 quarta

489 1727 590 1792 vel
637 1727 870 1810 quinta
905 1726 1356 1792 tantummodo
1403 1727 1734 1792 adnuendi
1779 1727 1880 1792 vel
1920 1728 2204 1813 negandi
2249 1748 2447 1794 causa
2477 1728 2737 1794 illorum

491 1858 856 1903 sermonem
913 1837 1432 1922 interrumperet.
1538 1836 1818 1903 Concedi
1879 1838 2139 1920 quidem
2200 1837 2423 1923 debet,
2483 1840 2550 1903 in
2609 1837 2738 1903 illis

491 1948 763 2032 scaenis,
808 1948 877 2012 in
925 1945 1161 2030 quibus
1204 1949 1422 2030 plures
1465 1967 1785 2031 personae
1830 1953 2055 2033 agunt,
2098 1946 2234 2014 fere
2278 1966 2531 2032 semper
2575 1947 2738 2015 duas

489 2059 592 2123 vel
632 2063 768 2122 tres
814 2062 1071 2121 tantum
1115 2057 1288 2122 inter
1332 2078 1401 2121 se
1445 2056 1750 2141 coiloqui,
1794 2057 1909 2121 sed
1952 2062 2205 2124 ceterae
2248 2078 2565 2141 personae
2608 2056 2739 2123 fere

495 2188 748 2252 semper
791 2188 922 2232 non
968 2166 1233 2232 silentes
1280 2173 1501 2233 astant
1546 2172 1614 2232 et
1657 2188 1789 2232 non
1834 2161 2041 2234 solum
2085 2169 2349 2235 illorum
2379 2151 2741 2235 sermonem

494 2279 1008 2362 interrumpunt,
1066 2276 1181 2342 sed
1222 2297 1397 2344 nunc
1453 2279 1659 2362 magis
1715 2278 1892 2344 inter
1930 2279 2051 2344 hos
2094 2299 2266 2345 nunc
2322 2280 2530 2362 magis
2574 2278 2740 2345 inter

494 2389 640 2453 illos
696 2408 906 2453 sermo
967 2386 1324 2465 confertur,
1400 2409 1596 2471 quam
1662 2409 1800 2451 rem
1867 2388 2382 2455 luculentissimo
2446 2387 2738 2474 exemplo

496 2496 879 2580 Steffenus*)
926 2496 1247 2579 ostendit,
1309 2498 1483 2580 qnod
1526 2498 1806 2581 petitum
1853 2504 1955 2564 est
1998 2519 2077 2563 ex
2118 2499 2282 2565 Eun.
2328 2521 2384 2563 ν.
2431 2500 2550 2563 771
2598 2519 2739 2581 sqq.

492 2609 594 2674 Ibi
640 2609 809 2674 enim
854 2605 1222 2675 tacentibus
1268 2608 1496 2672 ceteris
1555 2608 1743 2673 initio
1789 2608 2041 2675 Thraso
2088 2610 2352 2675 Gnatho
2397 2617 2460 2676 et
2502 2606 2738 2693 Sanga,
2817 2677 2828 2680 ,

492 2717 725 2783 deinde
772 2717 973 2784 Thais
1020 2724 1083 2783 et
1125 2716 1455 2802 ChremeS,
1498 2724 1648 2802 post
1691 2723 1909 2784 autem
1939 2717 2141 2786 Thais
2186 2725 2253 2784 et
2280 2719 2532 2785 Thraso
2573 2719 2742 2785 inter

497 2848 567 2893 se
610 2826 1089 2910 colloquuntur.
1182 2826 1636 2910 Compluribus
1683 2827 1916 2894 deinde
1977 2829 2269 2896 versibus
2315 2851 2356 2895 a
2400 2830 2734 2895 Chremete

495 2944 562 3004 et
589 2938 929 3003 Gnathone
975 2942 1043 3002 et
1073 2935 1406 3001 Thrasone
1449 2939 1763 3023 recitatiS,
1783 2939 1984 3005 Thais
2030 2948 2093 3005 et
2123 2940 2428 3005 Chremes
2474 2941 2731 3022 abeunt,

496 3055 560 3114 et
618 3047 985 3113 Gnathonis
1044 3045 1401 3113 Thrasonis
1473 3053 1540 3111 et
1595 3045 1851 3131 Sangae
1926 3048 2323 3132 colloquium
2388 3071 2596 3134 usque
2654 3049 2740 3117 ad

495 3157 692 3228 finem
734 3159 930 3225 huius
990 3153 1262 3224 scaenae
1318 3158 1619 3240 pertinet.
1707 3157 1919 3235 Quare
1976 3160 2303 3252 quomodo
2342 3158 2740 3227 Schmidtius
2851 3151 2859 3157 ’

495 3290 574 3334 ex
617 3270 742 3336 hoc
801 3269 1240 3353 simplicitatis
1298 3267 1515 3333 studio
1576 3267 1884 3353 colligere
1926 3272 2250 3354 potuerit,
2308 3272 2488 3336 illam
2532 3270 2741 3353 legem

496 3368 920 3445 Horatianam
981 3379 1456 3463 quodammodo
1501 3367 1781 3445 valuisse
1825 3380 2000 3463 apud
2042 3381 2347 3446 Plautum
2392 3385 2458 3443 et
2504 3377 2737 3441 Teren-

493 3489 675 3572 tium,
719 3489 851 3554 non
890 3489 1222 3572 intellego,
1267 3508 1506 3573 neque,
1555 3489 1731 3573 quod
1774 3490 1977 3557 voluit
2021 3490 2410 3557 Schmidtius
2427 3538 2445 3571 ,
2492 3510 2571 3553 ex
2613 3487 2738 3550 hac

492 3619 563 3663 re
594 3599 893 3664 concludi
937 3605 1165 3683 potest,
1209 3598 1629 3680 paucioribus
1661 3602 1990 3666 actoribus
2036 3601 2120 3666 ad
2150 3599 2409 3668 fabulas
2454 3598 2738 3684 agendas

495 3730 659 3793 opus
718 3708 938 3789 fuisse.
1036 3707 1260 3772 Nihilo
1319 3706 1534 3771 minus
1592 3713 1939 3792 postquam
1998 3712 2116 3775 illa
2172 3697 2372 3776 {rerba
2428 3708 2742 3776 Euanthii

495 3819 575 3884 de
621 3818 855 3902 quibus
899 3820 1151 3900 mox**)
1194 3817 1502 3903 dicemus,
1548 3820 1773 3885 attulit
1802 3819 2221 3905 SchmidtiuS,
2267 3841 2338 3885 se
2379 3819 2778 3885 ostendisse‘

494 3934 722 4015 putat,
784 3928 1060 3995 eundem
1119 3948 1359 3996 morem
1413 3927 1482 3992 in
1541 3931 1839 4013 personis
1885 3928 2384 4013 distribuendis,
2444 3929 2559 4011 qui
2616 3927 2745 3992 fuit
2789 4013 2792 4014 ⁷

498 4040 673 4122 apud
718 4038 1034 4125 Graecos,
1079 4040 1281 4106 fuisse
1325 4041 1502 4126 apud
1544 4044 1903 4125 Romanos,
1950 4041 2311 4123 complures
2355 4036 2559 4120 igitur
2602 4055 2742 4120 per-

629 4192 677 4257 ⁷¹²)
712 4192 748 4245 1.
787 4210 833 4246 s.
870 4210 911 4248 s.
952 4210 1009 4262 p.
1052 4196 1171 4249 111.

607 4277 676 4347 **)
709 4294 764 4347 p.
802 4281 887 4332 28.
