3192 4967
1360 398 1786 487 —13—7-

455 569 554 636 illi
596 567 772 653 ludi,
837 590 1033 654 quam
1078 568 1403 655 splendidi
1447 567 1727 655 fuerint,
1773 591 1917 636 cum
1962 592 2042 635 ex
2085 590 2160 634 eo
2205 568 2423 651 colligi
2464 572 2697 652 potest,

458 679 635 762 quod
708 679 876 746 duae
951 679 1215 747 fabulae
1293 678 1687 764 agebantur,
1772 686 1911 746 tum
1980 685 2047 744 et
2114 699 2155 743 a
2207 677 2475 763 Polybio
2492 679 2548 757 *)
2637 682 2699 742 et

455 790 745 875 Hecyrae
789 792 1056 874 prologo
1099 789 1404 872 traditur,
1450 809 1579 872 quo
1624 796 1691 855 et
1731 790 1871 857 ludi
1913 788 2296 875 gladiatorii
2337 794 2406 854 et
2451 786 2698 853 funam-

461 899 602 965 buli
630 905 1230 966 commemorantur.
1317 897 1443 964 Sed
1465 900 1589 965 hoc
1617 920 1747 965 non
1778 920 2124 984 urgeamus
2154 905 2221 964 et
2250 901 2702 983 argumentum

457 1008 671 1094 ipsum
733 1016 1116 1094 spectemus.
1203 1009 1390 1075 Intra
1444 1029 1675 1075 novem
1720 1009 1856 1075 dies
1902 1029 2135 1076 novam
2192 1007 2481 1074 fabulam
2522 1027 2699 1073 exer-

463 1118 596 1184 ceri
640 1125 708 1185 et
751 1119 951 1185 edisci
993 1120 1102 1184 vix
1143 1119 1436 1202 potuisse
1480 1118 1746 1186 concedi
1788 1119 2016 1204 debet,
2062 1119 2178 1185 sed
2220 1138 2434 1184 nonne
2476 1116 2703 1183 eadem

460 1226 595 1294 fere
637 1226 991 1296 difficultas
1036 1231 1260 1313 oritur,
1306 1230 1362 1294 si
1389 1229 1719 1314 Adelphos
1755 1234 1908 1295 ante
1937 1229 2702 1310 Hautontimorumenon,

465 1338 590 1404 hoc
635 1344 735 1405 est
778 1345 934 1408 ante
977 1360 1034 1404 a.
1058 1339 1206 1422 591,
1251 1339 1381 1405 iam
1411 1344 1626 1405 actam
1658 1360 1799 1406 esse
1826 1340 2222 1405 statuimus?
2266 1338 2452 1404 Intra
2478 1357 2708 1404 novem

467 1448 640 1514 enim
683 1448 823 1514 dies
865 1470 999 1514 non
1043 1452 1250 1516 solum
1292 1450 1547 1536 Hecyra
1589 1452 1880 1534 quinque
1925 1451 2113 1515 annis
2159 1454 2311 1515 ante
2354 1455 2531 1531 acta,
2591 1446 2706 1513 sed

356 1607 363 1614 .
465 1557 658 1624 etiam
699 1558 1035 1642 Adelphoe
1095 1565 1377 1643 quatuor
1435 1562 1624 1626 annis
1669 1567 1823 1626 ante
1867 1565 2016 1625 acta
2057 1560 2293 1625 iterum
2348 1558 2706 1625 exercenda

468 1673 535 1734 et
564 1668 912 1735 ediscenda
939 1676 1092 1735 erat.
1164 1669 1583 1735 Dziatzkonis
1611 1670 1812 1753 igitur
1842 1676 1908 1735 et
1940 1670 2353 1736 Wilmannsii
2385 1669 2707 1735 sententia

464 1777 743 1860 probata
827 1778 1177 1846 difficultas
1253 1780 1492 1865 oritur,
1568 1800 1735 1862 quae
1808 1781 1864 1845 si
1937 1801 2069 1845 non
2145 1799 2351 1864 aeque
2421 1767 2733 1863 diffini-le,

466 1896 681 1954 tamen
725 1887 904 1954 haud
945 1890 1146 1956 multo
1200 1888 1458 1955 facilius
1516 1889 1905 1976 explicanda
1949 1898 2059 1957 est.
2131 1889 2359 1967 'Quare
2402 1910 2707 1973 magnam

470 1998 598 2064 vim
631 1997 785 2063 huic
808 2005 1193 2083 argumento
1221 1998 1570 2066 concedere
1608 2021 1737 2065 non
1766 2021 2126 2086 possumus.
2199 1999 2326 2066 Sed
2352 1999 2707 2083 videamus,

469 2130 624 2174 num
669 2109 846 2176 illam
890 2107 1342 2175 difficultatem
1385 2130 1516 2175 non
1562 2110 1825 2194 quidem
1868 2110 2262 2196 argumentis
2305 2109 2421 2177 sed
2463 2110 2709 2177 coniec-

463 2218 667 2284 tando
711 2219 1014 2303 expedire
1057 2220 1397 2303 possimus,
1481 2219 1876 2288 Ritschelius
1921 2222 2092 2287 enim
2103 2220 2196 2310 **)
2242 2220 2544 2305 ostendit,
2601 2219 2708 2285 do-

466 2328 678 2394 minos
740 2349 1009 2415 gregum
1069 2328 1324 2395 fabulas
1379 2330 1566 2413 quasi
1613 2351 1732 2396 sua
1772 2330 2053 2416 pecunia
2098 2332 2327 2398 emisse
2370 2337 2438 2395 et
2479 2332 2709 2416 poetas

466 2459 599 2505 non
643 2459 789 2504 cum
833 2439 954 2524 iis,
1016 2439 1131 2523 qui
1172 2439 1363 2504 ludos
1408 2439 1685 2527 dabant,
1750 2441 1864 2507 sed
1907 2461 2052 2507 oum
2111 2440 2389 2509 dominis
2442 2460 2710 2525 gregum

467 2548 695 2633 egisse.
786 2548 1000 2626 Quare
1023 2570 1237 2615 nonne
1265 2571 1533 2634 prorsus
1562 2549 1906 2637 probabile
1928 2558 2048 2637 est,
2078 2551 2452 2628 Terentium
2476 2549 2711 2633 statim,

468 2678 613 2723 cum
673 2659 963 2742 aliquam
1018 2658 1309 2726 fabulam
1336 2661 1752 2747 ⁴scripsisset,
1797 2682 1939 2728 eam
1981 2661 2277 2729 Ambivio
2320 2658 2709 2743 vendidisse,

468 2765 642 2833 hunc
686 2773 907 2834 autem
960 2790 1101 2836 eam
1155 2769 1286 2836 iam
1305 2819 1320 2849 ,
1381 2776 1731 2856 antequam
1785 2774 2200 2857 magistratus
2257 2775 2587 2854 emerunt,
2646 2775 2714 2834 et

471 2875 775 2943 didicisse
820 2884 888 2944 et
931 2880 1321 2965 exercuisse,
1380 2880 1472 2947 ita
1513 2887 1611 2965 ut,
1671 2903 1815 2947 cum
1861 2903 2016 2948 usus
2072 2881 2397 2967 veniebat,
2460 2900 2712 2964 semper

477 2985 765 3052 fabulam
808 2986 1112 3072 haberet,
1170 3010 1367 3074 quam
1424 2998 1668 3075 ageret,
1714 2998 1780 3058 et
1816 2993 1950 3059 illis
1995 3014 2222 3061 novem
2268 2991 2495 3059 diebus
2515 3042 2535 3077 ,
2597 2990 2711 3075 qui

481 3094 652 3160 inter
693 3104 968 3164 mortem
1010 3100 1083 3164 L.
1127 3099 1388 3166 Aemilii
1432 3101 1622 3168 Pauli
1666 3110 1727 3169 et
1769 3104 1956 3169 ludos
2010 3103 2317 3170 funebres
2359 3101 2713 3168 intercede-

482 3203 661 3288 bant,
707 3204 792 3270 ad
833 3209 1272 3275 retractandas
1317 3211 1479 3277 duas
1520 3212 1673 3280 illas
1718 3211 1977 3281 fabulas
2019 3215 2119 3279 uti
2154 3213 2417 3296 posset?

640 3316 782 3380 Iam
825 3315 908 3380 ad
958 3319 1223 3385 tertium
1281 3329 1764 3408 argumentum,
1824 3324 2002 3407 quod
2043 3323 2128 3388 ad
2168 3323 2414 3389 Donati
2459 3327 2712 3387 senten-

473 3426 635 3491 tiam
675 3426 1059 3493 firmandam
1104 3430 1370 3498 allatum
1414 3438 1535 3511 est,
1577 3439 2001 3500 transeamus
2054 3433 2500 3521 Dziatzko***)
2544 3432 2715 3498 enim

474 3533 636 3601 haec
681 3537 876 3603 verba
917 3540 1173 3626 prologi
1214 3541 1650 3629 Hautont.†):

642 3645 853 3732 „Nam
898 3651 1072 3732 quod
1114 3672 1404 3718 rumores
1449 3653 1847 3720 distulerunt
1890 3656 2208 3741 malevoli,

650 3756 892 3823 Multas
938 3762 1417 3829 contaminasse
1463 3764 1771 3850 Graecas,
1818 3765 1971 3831 dum
2015 3766 2169 3832 facit

643 3865 895 3933 Paucas
937 3871 1244 3957 LatinaS,
1302 3873 1544 3941 factum
1588 3876 1659 3940 id
1700 3896 1840 3940 esse
1884 3876 1990 3940 hic
2034 3897 2164 3941 non
2208 3872 2460 3957 negat.“

612 4005 655 4068 *J
689 4002 926 4057 xxxn.
965 4009 1019 4060 9.

588 4087 655 4151 *Ἴ
689 4087 755 4140 In
791 4105 985 4159 pai-erg
1021 4107 1076 4160 p.
1115 4094 1230 4146 331.
1268 4107 1386 4163 sqq.

557 4170 659 4236 **‘)
695 4172 835 4227 Mus.
877 4174 1053 4230 Rhen.
1091 4175 1200 4231 vol.
1238 4176 1372 4232 XXI
1406 4195 1463 4249 p.
1501 4182 1588 4234 80.

595 4258 656 4329 †)
692 4274 743 4312 v.
786 4261 849 4313 16
885 4276 1000 4333 sqq.
