3192 4967
1446 480 1867 551 -18-

1585 1472 1716 1585 ΙΙ.

648 1704 770 1773 De
822 1721 1377 1787 personarum
1427 1707 1649 1777 inter
1699 1710 2021 1777 actores
2076 1707 2664 1778 distributione

1141 1825 1233 1892 in
1284 1825 1592 1893 fabulis
1630 1827 2167 1897 Terentianis.

699 2000 1179 2085 Quaestionem,
1225 2022 1419 2084 quam
1449 2002 1631 2086 mihi,
1679 2011 1991 2086 quantum
2023 2008 2271 2086 potere,
2319 2000 2776 2066 illustrandam

527 2112 876 2194 proposui,
937 2112 1050 2194 qui
1095 2118 1246 2176 ante
1301 2133 1401 2176 me
1446 2113 1870 2178 instituerunt
1913 2111 2305 2178 Schmidtius
2352 2118 2413 2177 et
2456 2112 2779 2177 Steffenus

530 2218 782 2285 diverso
828 2220 1020 2287 modo
1065 2228 1132 2284 et
1175 2222 1295 2287 viis
1339 2224 1616 2287 maxime
1661 2224 1835 2288 inter
1878 2245 1945 2288 se
2007 2222 2404 2288 distantibus
2451 2224 2778 2305 progressi

529 2329 850 2411 explicare
895 2337 962 2396 et
1006 2331 1308 2415 expedire
1355 2333 1760 2415 studuerunt.
1849 2333 2180 2398 Schmidtii
2238 2331 2527 2413 libellus,
2596 2332 2776 2396 cuius

527 2438 724 2503 index
783 2447 917 2506 est:
1002 2442 1265 2526 „Ueber
1323 2442 1428 2506 die
1487 2424 1651 2508 Zahl'
1710 2442 1822 2507 der
1857 2441 2313 2524 Schauspieler
2357 2442 2461 2506 bei
2504 2441 2777 2506 Plautus

528 2550 665 2614 und
724 2551 1050 2635 Teren2,“
1123 2553 1369 2636 prodiit
1428 2552 1779 2635 Erlangiae
1840 2576 1897 2620 a.
1960 2552 2142 2616 1870.
2229 2552 2499 2617 Duobus
2558 2558 2778 2617 autem

528 2661 717 2725 annis
764 2669 915 2745 post
958 2662 1280 2729 Steffenus
1324 2663 1393 2727 in
1439 2661 1590 2727 diss.
1636 2664 1762 2747 „de
1808 2669 2098 2728 actorum
2143 2663 2210 2726 in
2256 2661 2495 2726 fabulis
2542 2662 2775 2726 Teren-

527 2771 724 2834 tianis
784 2794 1052 2838 numero
1110 2780 1176 2838 et
1237 2773 1762 2855 distributione“‚
1838 2793 2005 2855 quae
2064 2777 2273 2837 exstat
2332 2773 2400 2835 in
2447 2773 2604 2837 actis
2652 2791 2775 2835 soc.
2861 2778 2873 2789 ‘

527 2880 687 2962 phil.
748 2882 924 2965 Lips.
984 2882 1105 2947 vol.
1154 2881 1233 2945 H.
1279 2883 1433 2947 fasc.
1485 2886 1536 2946 1.
1586 2903 1649 2964 p.
1700 2883 1821 2946 109
1865 2903 2042 2965 sqq.,
2102 2902 2182 2945 ea
2235 2884 2341 2946 via
2398 2882 2466 2944 in
2524 2881 2647 2944 hac
2704 2900 2774 2941 re

526 2990 902 3073 indaganda
972 3011 1349 3074 progressus
1409 2999 1538 3074 est,
1600 3012 1793 3074 quam
1854 2991 2261 3083 paucissimis
2305 2990 2552 3072 primus
2609 2989 2775 3053 indi-

533 3107 789 3163 caverat
837 3103 936 3165 Fr.
983 3101 1377 3166 Ritschelius
1431 3100 1500 3165 in
1547 3101 1759 3166 altera
1803 3100 2159 3164 '7rinummi
2205 3099 2489 3164 editione
2533 3121 2594 3182 p.
2642 3098 2775 3163 LV.

529 3211 797 3275 Praeter
857 3215 974 3277 hos
1035 3212 1207 3278 viros
1266 3212 1418 3297 alii,
1476 3217 1551 3277 ut
1595 3211 1701 3276 Fr.
1747 3211 2110 3276 Fritschius
2155 3210 2225 3275 in
2267 3208 2463 3293 libro,
2525 3211 2638 3291 qui
2681 3210 2775 3273 in-

533 3323 869 3387 scribitur:
957 3329 1287 3407 „quatuor
1355 3323 1531 3407 leges
1604 3323 1937 3388 scaenicae
2011 3319 2403 3386 Graecorum
2463 3319 2776 3401 poeseos“

529 3433 974 3497 tantummodo
1035 3421 1318 3498 breviter
1375 3438 1442 3497 et
1498 3434 1567 3497 in
1611 3435 1898 3497 transitu
1942 3429 2113 3496 hanc
2154 3451 2290 3494 rem
2334 3434 2777 3492 tractaverunt

529 3547 597 3603 et
641 3543 773 3603 fere
821 3542 1003 3625 nihil,
1049 3564 1177 3625 quo
1223 3543 1305 3607 ad
1352 3544 1816 3608 accuratiorem
1860 3540 2340 3622 inquisitionem
2372 3558 2517 3602 cum
2551 3538 2772 3621 aliquo

533 3651 745 3715 fructu
809 3653 904 3716 uti
946 3653 1189 3736 possis,
1250 3652 1648 3734 attulerunt,
1708 3652 1835 3716 nisi
1892 3650 2069 3733 quod
2113 3647 2464 3713 Teuffelius
2509 3648 2578 3712 in
2620 3648 2774 3713 hist.

529 3763 621 3827 lit.
713 3763 890 3827 Ram.
918 3785 983 3846 p.
1010 3762 1089 3828 21
1138 3762 1515 3828 testimonia
1556 3768 1848 3827 veterum
1893 3760 1978 3826 ad
2020 3758 2190 3823 hanc
2233 3780 2370 3823 rem
2414 3758 2774 3841 spectantia

529 3879 829 3935 accurate
877 3872 1154 3957 collegit.
1242 3873 1420 3950 Quae
1466 3893 1860 3956 quamquam
1906 3869 2300 3954 paucissima
2337 3874 2510 3951 sunt,
2554 3873 2773 3930 tamen

529 3983 609 4047 ab
657 3983 737 4047 iis
781 3982 1316 4067 proficiscendum
1361 4004 1500 4048 esse
1516 4032 1535 4066 ‚
1592 3980 1994 4047 Schmidtius
2049 3987 2115 4045 et
2158 3977 2478 4046 Stefi‘enus
2523 3976 2770 4071 intelle-

529 4103 789 4177 xerunt,
853 4100 918 4158 et
971 4115 1089 4160 nos
1149 4114 1410 4178 quoque
1465 4096 1562 4159 ita
1620 4091 1790 4157 hanc
1848 4091 2292 4174 quaestionem
2336 4086 2773 4170 instituemuS,

529 4207 605 4267 ut
649 4204 1036 4269 testimoniis
1082 4202 1214 4268 illis
1261 4204 1507 4285 allatis,
1568 4202 1729 4286 quid
1784 4201 1885 4266 illi
1927 4199 2051 4265 viri
2113 4220 2191 4263 ex
2249 4197 2329 4262 iis
2375 4195 2773 4280 collegerint,

529 4331 917 4392 enarremus
947 4320 1010 4379 et
1053 4312 1499 4395 diiudicemuS,
1545 4318 1614 4377 et
1655 4317 1796 4410 tum
1840 4311 2096 4376 demum
2140 4308 2565 4393 proferamuS,
2613 4304 2772 4391 quid
