3192 4967
1361 453 1788 516 ..5ο-

446 624 780 691 codicibus
824 623 1261 707 Terentianis,
1306 622 1375 687 in
1422 623 1660 705 quibus
1706 619 1791 684 ad
1849 639 2072 685 omnes
2115 616 2374 684 fabulas
2418 623 2699 699 exstant,

445 742 578 801 tam
636 738 980 817 corruptae
1041 733 1191 797 sint.
1284 731 1500 810 Quare
1561 730 1784 816 potius
1837 728 2179 795 Plautinas
2234 727 2387 792 illas
2446 727 2701 792 litteras

446 844 649 912 falsas
690 845 793 908 vel
833 844 1276 908 recensionem
1320 861 1665 927 perpessas
1711 860 1850 905 esse
1885 838 2165 921 credam,
2211 837 2474 920 qualem
2510 838 2703 902 etiam

446 956 516 1021 in
561 954 851 1019 Terentii
894 951 1288 1042 Phormione
1333 952 1575 1016 factam
1622 972 1761 1015 esse
1805 950 2115 1033 vidimus,
2163 969 2360 1031 quam
2402 954 2475 1013 ut
2516 948 2702 1012 illum

451 1064 728 1130 duorum
773 1063 1098 1147 codicum,
1146 1063 1548 1128 diversarum
1591 1059 2120 1126 distributionum
2165 1078 2549 1123 consensum
2594 1077 2703 1123 ca-

446 1175 550 1240 sui
592 1173 696 1238 vel
739 1173 1024 1239 fortuitis
1072 1172 1397 1237 erroribus
1440 1171 1745 1236 tribuam.

616 1281 719 1347 Ad
777 1281 1170 1347 sententiam
1231 1286 1449 1345 autem
1506 1301 1720 1344 meam
1774 1277 2279 1343 confirmandam
2338 1278 2534 1342 etiam
2576 1278 2702 1341 hoc

449 1390 690 1457 addere
731 1411 1015 1475 possum,
1063 1390 1272 1474 quod,
1335 1392 1392 1454 si
1433 1390 1698 1454 illarum
1742 1391 2109 1455 litterarum
2154 1388 2454 1471 vestigia,
2499 1408 2703 1470 quan-

447 1506 588 1566 tum
630 1501 774 1565 fieri
816 1505 1071 1583 potest,
1129 1501 1496 1582 sequimur,
1557 1501 1614 1564 si
1658 1499 1856 1581 igitur
1899 1518 2098 1562 unam
2139 1490 2486 1582 personam
2530 1499 2704 1561 inter

453 1611 617 1676 duos
662 1616 914 1675 actores
959 1610 1349 1675 distribuere
1393 1611 1525 1674 nen
1570 1608 1977 1692 dubitamuS,
2037 1629 2116 1672 ex
2159 1595 2332 1673 notis
2377 1607 2511 1672 illis
2554 1627 2704 1672 con-

448 1720 770 1804 sequitur,
814 1720 1051 1783 inter
1094 1720 1465 1803 quinque
1511 1724 1857 1784 actores
1902 1711 2350 1802 legitimos
2390 1737 2702 1800 personas

449 1829 842 1894 distributas
910 1828 1145 1910 fuisse,
1217 1829 1317 1895 ita
1381 1834 1456 1895 ut
1523 1831 1725 1895 etiam
1783 1828 1900 1893 illa
1956 1830 2240 1894 varietas
2306 1829 2376 1892 in
2432 1849 2704 1892 numero

448 1944 777 2021 actorum,
872 1960 1006 2022 qua
1078 1940 1144 2003 in
1217 1938 1483 2004 Steffeni
1555 1938 2118 2021 argumentatione
2193 1936 2703 2018 offendebamur,

450 2069 649 2131 quam
710 2047 1026 2123 Steffenus
1085 2050 1225 2133 ipse
1286 2051 1354 2114 in
1400 2048 1743 2115 Schmidtii
1800 2047 2239 2131 disputatione
2298 2047 2706 2132 vituperavit,

449 2156 711 2222 vitetur.
2265 2243 2268 2246 .

618 2266 1161 2333 Emendationem
1204 2289 1357 2332 vero
1402 2267 1665 2333 illarum
1707 2268 2092 2349 litterarum,
2139 2288 2335 2351 quam
2379 2268 2707 2332 interdum

453 2376 615 2441 satis
661 2376 1034 2461 ambiguam
1081 2398 1220 2442 esse
1265 2379 1564 2462 concede,
1612 2379 2044 2444 enarrandam
2101 2380 2170 2442 in
2224 2377 2403 2442 aliud
2449 2385 2707 2461 tempus

453 2484 786 2570 differam,
832 2508 1006 2552 nunc
1050 2488 1213 2552 satis
1257 2488 1550 2568 habebO,
1614 2488 1669 2552 si
1713 2509 1846 2552 non
1889 2487 2101 2553 solum
2144 2487 2304 2551 mihi
2350 2487 2465 2552 sed
2510 2488 2708 2551 etiam

352 2597 357 2603 ’
449 2595 598 2659 aliis
641 2594 1028 2682 probavero,
1074 2605 1310 2664 notas
1357 2598 1456 2662 ad
1499 2597 1887 2663 diversas
1933 2619 2483 2680 personarum
2529 2597 2707 2661 dis-

450 2704 971 2769 tributiones
1030 2714 1511 2791 spectantes
1573 2708 1673 2772 ad
1715 2708 2119 2790 Hecyram
2179 2707 2263 2770 in
2307 2706 2708 2771 Bembino

450 2820 535 2880 et
607 2813 1099 2880 Victoriano
1167 2823 1584 2901 servatas,
1653 2818 1736 2881 in
1802 2816 2339 2883 Phormionis
2417 2816 2708 2890 etsAn-

450 2924 693 2992 driae
737 2924 1076 2989 litteris
1120 2927 1560 2990 mixtas‘et
1605 2925 2003 2992 confusas
2065 2948 2279 3011 esse,
2338 2934 2422 2993 et
2466 2926 2707 2990 deni-
2789 2929 2792 2932 ’

452 3055 604 3117 que
691 3040 1026 3100 veteres
1099 3034 1512 3102 Romanos
1598 3036 1852 3101 unius
1939 3055 2345 3119 personae
2429 3043 2710 3121 partes

452 3145 677 3209 inter
734 3146 1192 3229 complures
1269 3152 1611 3213 actores
1683 3145 2199 3211 distribuere
2255 3168 2411 3212 non
2470 3146 2709 3212 dubi-

451 3259 711 3320 tasse.

1380 3463 1790 3471 ..———.——————.-—-

629 3673 788 3739 Cum
844 3675 1016 3738 hanc
1076 3673 1603 3742 dissertationem
1668 3678 1800 3743 iam
1862 3698 2081 3743 mense
2110 3677 2492 3760 „Novembri
2551 3678 2708 3742 anni

455 3784 799 3867 praeteriti
841 3786 1239 3869 amplissimo
1296 3787 1512 3852 ordini
1552 3786 2092 3873 philosophorum
2132 3788 2460 3871 Lipsiensi
2502 3787 2709 3854 tradi—

454 3894 662 3960 derim
678 3944 696 3978 ,
756 3895 1001 3960 nullam
1049 3898 1446 3962 mentionem
1489 3896 1617 3963 feci
1658 3919 1880 3964 earum
1923 3920 2174 3981 rerum,
2221 3920 2384 3982 quas
2428 3898 2709 3982 protulit

456 4004 773 4071 Dziatzko
834 4007 903 4071 in
960 4027 1235 4072 censura
1299 4007 1782 4074 dissertationis
1842 4031 1882 4073 a
1934 4008 2214 4075 Steffeno
2275 4010 2705 4091 conscriptae,
2756 4058 2787 4077 ,.

461 4135 629 4197 quae
688 4121 899 4180 exstat
955 4117 1024 4180 in
1083 4116 1330 4200 ephem.
1392 4120 1519 4183 litt.
1577 4119 1839 4184 Jenens.
1906 4118 2098 4183 huius
2159 4120 2314 4182 anni
2374 4140 2437 4201 p.
2482 4119 2565 4182 29
2610 4140 2704 4202 sq.

456 4224 558 4289 Ibi
615 4226 817 4308 enim,
878 4236 1275 4309 quamquam
1332 4225 1616 4293 breviter
1671 4232 1931 4293 tantum
1988 4228 2244 4294 locutus
2304 4234 2405 4293 est
2457 4229 2538 4294 de
2581 4228 2707 4296 hac
