3192 4967
1355 459 1776 530 *33*

449 641 630 702 certa
685 635 911 720 regula
967 641 1029 700 et
1083 636 1225 719 lege
1279 635 1687 718 praescripta
1743 654 1905 717 opus
1961 639 2146 699 esset.
2236 633 2414 712 Quae
2471 631 2687 701 condi-

451 747 665 812 ciones
721 767 864 810 cum
920 767 1050 810 non
1110 745 1427 811 eiusmodi
1479 745 1656 829 apud
1698 746 2023 812 Romanos
2070 749 2321 829 essent,
2382 743 2689 811 conceda-

451 879 592 923 mus
638 861 929 941 oportet,
985 855 1126 920 fieri
1170 857 1491 941 potuisse,
1551 860 1627 919 ut
1684 875 1858 919 nunc
1920 855 2216 939 pluribus
2260 876 2435 921 nunc
2476 855 2694 938 pauci·

451 967 674 1033 orib'us
720 965 1049 1031 actoribus
1095 970 1431 1030 uterentur
1473 965 1558 1030 ad
1598 964 1856 1029 fabulas
1902 965 2205 1048 agendas
2292 964 2420 1030 Sed
2462 965 2697 1030 mirum

450 1083 674 1142 tamen
719 1097 859 1142 esse
903 1076 1117 1160 debet,
1162 1075 1339 1158 quod
1382 1074 1770 1140 histrionum
1815 1094 2043 1159 greges
2078 1095 2250 1140 nunc
2279 1095 2358 1140 ex
2394 1097 2505 1141 sex
2527 1096 2699 1140 nunc

458 1207 539 1251 ex
582 1191 831 1270 septem
876 1185 1200 1252 actoribus
1245 1184 1587 1271 compositi
1633 1186 1798 1267 sint3
1835 1191 1997 1249 'nam
2040 1186 2096 1249 si
2142 1185 2439 1250 dominus
2485 1186 2700 1269 gregis

461 1302 711 1382 septem
739 1296 1022 1362 habebat
1062 1302 1336 1379 actores,
1382 1295 1672 1361 dubitari
1714 1317 1846 1360 non
1888 1299 2126 1379 potest,
2172 1295 2333 1379 quin
2373 1297 2548 1360 inter
2591 1315 2701 1360 eos

461 1406 871 1473 distribuerit
914 1427 1265 1492 personas,
1327 1407 1523 1471 etiam
1583 1407 1642 1470 si
1698 1426 1811 1470 sex
1868 1404 2240 1471 sufficerent
2281 1406 2368 1472 ad
2411 1406 2702 1471 fabulam

463 1518 784 1602 agendam
802 1541 820 1592 3
879 1523 1079 1600 atque
1124 1516 1321 1582 etiam
1364 1515 1572 1599 magis
1617 1516 1880 1599 mirum,
1925 1517 1982 1580 si
2026 1536 2171 1581 cum
2216 1535 2329 1581 sex
2372 1514 2701 1581 actoribus

461 1628 547 1694 ad
589 1626 876 1693 fabulam
923 1627 1244 1711 agendam
1276 1648 1438 1710 opus
1475 1632 1667 1711 esset,
1712 1647 1871 1710 grex
1914 1646 1994 1690 ex
2036 1647 2150 1691 sex
2178 1626 2507 1692 actoribus
2551 1647 2693 1692 con-

465 1737 822 1823 stituisset,
880 1758 1024 1803 cum
1070 1744 1286 1803 autem
1332 1743 1581 1821 septem
1625 1737 1976 1801 necessarii
2019 1743 2265 1821 essent,
2311 1758 2391 1801 ex
2434 1743 2700 1821 septem.

467 1846 592 1914 Sed
638 1848 835 1913 etiam
880 1849 937 1915 si
980 1847 1421 1931 concedimus,
1481 1846 1778 1911 dominos
1821 1847 2069 1930 gregis,
2115 1868 2261 1912 cum
2304 1868 2467 1930 opus
2511 1853 2704 1932 esset,

463 1957 814 2042 septimum
873 1958 1154 2042 aliquem
1214 1963 1500 2023 actorem
1557 1956 1916 2026 conducere
1974 1959 2291 2042 potuisse,
2364 1962 2539 2021 certe
2597 1957 2703 2021 vix

464 2067 781 2152 explicari
819 2074 1060 2153 potest,
1106 2067 1428 2152 quomodo
1473 2066 1719 2132 factum
1762 2068 1870 2150 sit,
1915 2072 1989 2131 ut
2021 2055 2293 2152 Hecyra,
2339 2067 2395 2133 si
2435 2065 2705 2134 Steffeni

463 2179 853 2244 sententiam
898 2199 1266 2262 sequamur,
1324 2198 1366 2242 a
1409 2199 1541 2261 sex,
1584 2176 1868 2261 Adelphi
1911 2184 2124 2242 autem
2167 2198 2207 2242 a
2250 2184 2493 2261 septem
2532 2182 2704 2243 acto·

463 2287 645 2354 ribus
691 2293 1032 2372 ageretur,
1093 2309 1239 2352 cum
1299 2293 1578 2370 utraque
1639 2285 1863 2352 fabula
1924 2287 2164 2353 eisdem
2221 2288 2422 2373 ludis,
2481 2287 2708 2354 eodem

464 2396 598 2463 fere
645 2398 748 2463 die
793 2398 1076 2464 daretur.
1165 2398 1401 2481 Quare,
1462 2397 1518 2463 si
1563 2403 1739 2461 recte
1784 2400 2218 2481 argumentati
2261 2419 2481 2464 sumus
2495 2448 2517 2484 ,
2574 2397 2703 2464 iam

463 2508 626 2574 haec
680 2530 785 2574 res
828 2508 1009 2574 haud
1049 2511 1325 2575 multum
1383 2507 1468 2572 ad
1510 2507 1781 2574 Steffeni
1823 2509 2215 2573 sententiam
2257 2509 2705 2574 commendan-

463 2619 614 2684 dam
657 2618 849 2684 affert
866 2641 884 2694 ;
928 2618 1043 2683 sed
1070 2619 1423 2684 erravimus
1451 2617 1729 2683 fortasse
1743 2668 1763 2702 ,
1807 2639 2010 2703 quare
2041 2620 2359 2702 quomodo
2383 2617 2705 2687 Steffenus

440 2728 551 2823 *ad
592 2731 987 2796 sententiam
1028 2750 1212 2795 suam
1254 2729 1635 2814 pervenerit,
1680 2747 2159 2812 cognoscamus.

633 2838 875 2922 Incipit
918 2839 999 2904 ab
1046 2861 1141 2924 e0,
1186 2845 1263 2904 ut
1305 2840 1645 2905 ostendere
1690 2844 1960 2905 conetur
2002 2859 2232 2925 „suam
2277 2839 2469 2905 unius
2500 2841 2709 2907 cuius-

468 2970 593 3032 que
651 2968 968 3032 personae
1025 2955 1249 3015 notam
1304 2969 1423 3034 per
1479 2954 1683 3016 totam
1739 2930 2031 3015 fabulam
2087 2950 2454 3040 antiquitus
2508 2952 2708 3036 perti·

467 3060 748 3124 nuisse.“
836 3059 1034 3144 Cuius
1071 3061 1169 3124 rei
1212 3067 1667 3144 argumentum
1713 3079 1792 3124 ex
1836 3081 1911 3126 eo
1957 3061 2175 3144 sumit,
2222 3060 2398 3143 quod
2422 3082 2503 3125 ex
2524 3061 2707 3144 quin·

470 3169 788 3252 quaginta
829 3171 1121 3252 personis
1137 3220 1157 3254 ,
1219 3170 1415 3254 (quae
1460 3172 1880 3236 inveniuntur
1915 3172 1993 3235 in
2035 3191 2149 3236 sex
2191 3170 2430 3236 fabulis
2474 3170 2711 3236 Teren—

469 3278 718 3364 tianis),
761 3279 996 3364 viginti
1062 3281 1352 3377 quinque
1416 3303 1533 3363 per
1583 3287 1792 3346 totam
1854 3280 2141 3347 fabulam
2199 3281 2428 3346 iisdem
2472 3281 2710 3347 litteris

469 3390 845 3474 signentur,
891 3389 1112 3476 etiam,
1159 3391 1334 3473 quod
1377 3391 1600 3474 aliquo
1644 3392 1786 3456 iure
1829 3396 2021 3475 urget
2063 3390 2411 3474 Steffenus,
2458 3391 2707 3457 scaenis

468 3521 599 3566 non
644 3499 1057 3566 continuatis.
1118 3537 1199 3550 -—
1260 3499 1468 3566 Valde
1530 3501 1816 3567 dubitari
1856 3508 2092 3588 potest,
2149 3524 2306 3567 num
2348 3524 2429 3567 ex
2471 3502 2596 3568 hac
2638 3524 2710 3568 re

469 3611 625 3676 satis
683 3609 941 3676 firmum
984 3616 1439 3696 argumentum
1491 3613 1632 3697 peti
1670 3614 1878 3697 possit
1921 3614 2006 3679 ad
2047 3614 2301 3679 litteras
2347 3619 2711 3679 ceterarum

380 3781 383 3782 ⁷
467 3742 926 3808 personarum,
970 3722 1040 3787 id
1083 3728 1184 3786 est
1229 3722 1536 3788 dimidiae
1581 3725 1870 3789 omnium
1911 3744 2336 3807 personarum
2378 3724 2610 3809 partis,
2655 3723 2713 3789 si

465 3852 598 3897 non
613 3831 839 3915 libere,
856 3836 1149 3897 attamen
1181 3832 1520 3916 aliquanto
1554 3821 1885 3917 audaciuS,
1904 3855 2097 3917 quam
2130 3835 2291 3900 alias
2320 3835 2712 3918 conceditur,

466 3943 832 4009 mutandas.
921 3938 1049 4006 Sed
1091 3942 1518 4009 concedamus
1560 3965 1734 4010 nunc
1749 3994 1769 4028 ,
1814 3950 2015 4028 atque
2060 3944 2207 4009 illas
2252 3944 2482 4031 viginti
2524 3945 2711 4030 quin-

466 4073 593 4136 que
635 4073 951 4139 personas
1011 4073 1264 4138 semper
1308 4053 1551 4119 eisdem
1593 4054 1826 4120 litteris
1871 4055 2163 4140 signatas
2206 4056 2404 4142 paulo
2449 4076 2710 4124 accura-

467 4161 598 4227 tius
630 4173 1022 4249 spectemus.
1110 4164 1307 4231 Facto
1340 4167 1575 4251 viginti
1618 4166 1907 4251 quinque
1952 4166 2384 4249 enumeravit3
2430 4167 2546 4232 sed
2582 4167 2711 4253 pri—

467 4292 644 4339 mum
686 4295 801 4340 sex
842 4296 923 4342 ex
963 4275 1214 4342 Andria
1254 4278 1501 4360 petitae
1545 4276 1631 4344 ad
1688 4297 1828 4343 rem
1880 4278 2454 4365 demonstrandam
2497 4277 2712 4344 valere

1024 4403 1029 4408 ·
2265 4384 2300 4434 3
