3192 4967
1390 474 1813 540 ...45-

479 644 910 711 iudicabimus
920 693 938 726 ‚
985 664 1132 709 cum
1173 651 1491 729 utraque,
1548 652 1621 710 ut
1663 645 1789 711 sibi
1833 643 2026 712 fidem
2066 644 2461 726 habeamus,
2505 647 2726 727 postu-

479 757 619 820 lare
661 755 1002 820 videatur?
1090 754 1273 819 Nihil
1330 762 1568 838 restat,
1625 758 1753 821 nisi
1797 762 1903 840 ut,
1963 755 2140 839 quod
2196 753 2267 819 in
2322 752 2727 819 Phormionis

481 872 548 931 et
573 866 853 930 Andriae
896 865 1130 931 litteris
1173 866 1303 930 iam
1340 866 1762 950 ostendimus,
1796 865 1881 930 ad
1924 865 2316 955 diversas
2360 864 2729 947 Hecyrae

481 976 862 1042 actiones
949 975 1285 1042 diverso
1374 976 1605 1041 modo
1692 996 2101 1060 personas
2189 972 2728 1039 distributas

394 1072 403 1081 ’
479 1086 746 1151 fuisse
798 1091 1182 1150 statuamus.
1271 1085 1456 1163 Quod
1497 1107 1649 1151 vero
1709 1088 1777 1150 in
1820 1086 1945 1149 hac
1986 1107 2058 1150 re
2104 1084 2479 1150 Victoriano
2524 1084 2729 1160 codici

479 1198 751 1262 eandem
794 1195 928 1260 fere
974 1198 1433 1261 auctoritatem
1477 1197 1822 1276 tribuimus
1867 1202 2065 1278 atque
2095 1194 2438 1279 Bembin0,
2484 1194 2600 1276 qui
2644 1193 2728 1257 ad

478 1308 737 1372 fabulas
788 1308 965 1389 ipsas
1022 1307 1457 1372 emendandas
1513 1314 1761 1390 quanto
1818 1307 2083 1371 maioris
2145 1304 2554 1370 auctoritatis
2618 1305 2726 1386 sit,

431 1458 435 1462 -
481 1440 522 1483 a
563 1417 818 1481 nemine
864 1417 1233 1500 ignoratur,
1292 1416 1620 1481 offendere
1664 1439 1794 1482 non
1839 1421 2088 1502 potest,
2134 1436 2279 1479 cum
2324 1415 2521 1478 etiam
2564 1412 2728 1477 alias

479 1529 765 1593 iuniores
811 1526 1063 1591 codices
1108 1529 1314 1611 magis
1359 1528 1705 1593 vetustatis
1751 1526 2020 1610 vestigia
2063 1526 2484 1607 servaverint,
2532 1543 2729 1606 quam

480 1640 850 1703 veteriores,
941 1635 1117 1713 Quae
1179 1658 1282 1702 res
1335 1658 1481 1702 cum
1544 1638 1761 1705 multis
1823 1638 2132 1720 exemplis
2192 1635 2442 1700 ostendi
2499 1634 2730 1717 possit,

481 1748 930 1816 tantummodo
1003 1747 1128 1812 hoc
1185 1749 1732 1832 commemorabo,
1804 1748 1984 1830 quod
2039 1748 2109 1811 in
2162 1745 2300 1811 solo
2362 1744 2595 1810 Vetere
2652 1764 2732 1808 ex

483 1859 780 1925 omnibus
839 1857 1169 1922 codicibus
1213 1858 1537 1922 Plautinis
1596 1859 1966 1927 litterarum
2024 1857 2289 1922 illarum
2336 1855 2730 1920 Graecarum

479 1972 757 2053 vestigia
787 1974 1058 2052 exstant,
1098 1969 1168 2030 in
1187 1968 1617 2033 Ambrosiano
1664 1977 1877 2033 autem
1920 1967 2035 2032 illa
2076 1986 2509 2052 personarum
2551 1971 2729 2029 nota—

481 2070 572 2172 tio
618 2081 878 2145 omnino
927 2079 1167 2143 omissa
1207 2077 1482 2142 videtur.

651 2188 779 2254 Sed
820 2190 946 2254 hac
988 2209 1092 2273 re,
1150 2195 1222 2253 ut
1262 2190 1554 2273 videtur,
1616 2189 1700 2253 ad
1758 2188 2080 2271 liquidum
2123 2187 2472 2271 perducta,
2533 2185 2731 2250 etiam

480 2301 659 2368 aliud
675 2350 694 2383 ,
756 2300 851 2365 uti
894 2298 1025 2363 iam
1070 2319 1272 2382 supra
1327 2300 1853 2382 commemoravi,
1910 2319 1989 2362 ex
2044 2299 2304 2364 illarum
2359 2296 2733 2363 litterarum

480 2411 967 2496 comparatione
1025 2409 1241 2493 colligi
1315 2416 1560 2494 potest,
1647 2410 1845 2492 idque
1918 2409 2002 2473 ad
2055 2414 2246 2473 notas
2306 2428 2733 2492 personarum

484 2521 923 2587 emendandas
999 2540 1350 2603 earumque
1426 2520 1955 2584 distributionem
2011 2518 2527 2603 cognoscendam
2588 2536 2732 2601 gra-

481 2633 833 2697 vissimum.
922 2630 1082 2695 Cum
1141 2630 1313 2695 enim
1373 2636 1439 2694 et
1495 2631 1562 2695 in
1622 2652 1700 2694 ea
1755 2651 2183 2714 personarum
2243 2628 2733 2711 distributione,

486 2763 682 2826 quam
725 2741 985 2806 exhibet
1026 2739 1376 2806 Bembinus
1393 2790 1412 2823 ,
1471 2748 1538 2805 et
1579 2742 1647 2805 in
1692 2761 1771 2807 ea
1785 2790 1804 2823 ,
1852 2762 2018 2823 quae
2064 2740 2437 2808 Victoriano
2480 2737 2734 2802 tradita

482 2858 602 2935 est,
645 2850 944 2915 Lachetis
983 2856 1205 2935 partes
1248 2852 1416 2915 inter
1459 2850 1623 2916 duos
1668 2857 1919 2916 actores
1966 2851 2355 2917 distributae
2400 2854 2563 2934 sint,
2608 2849 2734 2913 hac

481 2962 906 3028 consensione
981 2981 1111 3026 non
1185 2960 1394 3026 solum
1453 2961 1732 3025 indicari
1790 2960 2013 3045 credo,
2080 2961 2337 3026 litteras
2395 2960 2541 3024 illas
2596 2980 2729 3024 non

481 3073 860 3157 mutandas,
919 3073 1034 3136 uni
1101 3071 1306 3155 igitur
1365 3072 1572 3135 actori
1631 3071 1937 3136 Lachetis
2010 3058 2355 3155 personam
2410 3071 2559 3156 non,
2612 3070 2727 3134 tri-

481 3184 807 3250 buendam
852 3203 1012 3267 esse,
1058 3182 1173 3248 sed
1216 3184 1406 3248 etiam
1442 3183 1701 3248 omnino
1735 3203 1776 3247 a
1802 3180 2130 3247 veteribus
2159 3182 2468 3247 Romanis
2512 3182 2730 3245 eius-

480 3295 701 3361 modi
760 3294 1455 3360 distributionem
1497 3294 1745 3359 unius
1789 3314 2204 3379 personae
2255 3294 2482 3364 inter
2526 3291 2731 3355 duos

485 3419 805 3471 actui-us
853 3426 1007 3471 non
1048 3404 1399 3474 vitatam
1446 3404 1583 3470 sed
1627 3405 2205 3487 quodammodo
2252 3403 2732 3487 quaesitam

489 3539 689 3579 {⁴355er-

653 3627 821 3687 Mira
863 3624 1126 3709 quidem
1169 3624 1356 3689 nobis
1400 3631 1629 3690 nostra
1682 3626 1986 3690 instituta
2041 3624 2530 3709 respicientibus
2575 3621 2744 3687 talis>

485 3758 909 3823 1·==e'}1'.·3÷;111411·um
953 3735 1326 3800 distributio
1370 3735 1576 3800 videri
1622 3735 1846 3818 debet,
1902 3743 1969 3799 et
2013 3755 2159 3801 cum
2203 3737 2488 3817 videam,
2533 3753 2730 3818 quam

485 3851 722 3915 acriter
785 3847 1082 3912 nonnulli
1136 3846 1259 3911 viri
1317 3845 1495 3911 docti
1563 3847 1879 3912 eiusmodi
1937 3866 2363 3929 personarum
2421 3843 2730 3909 distribu-

489 3963 725 4023 tionem
773 3963 841 4023 in
887 3957 1284 4023 Graecorum
1325 3955 1566 4022 fabulis
1610 3958 2145 4041 vituperaverint,
2207 3977 2543 4037 nunquam
2587 3974 2730 4018 eam

485 4071 769 4155 pimini-rc
817 4091 1009 4135 ausus
1054 4089 1294 4154 essem,
1338 4069 1467 4133 nisi
1506 4069 1607 4133 ita
1650 4068 1887 4133 tradita
1932 4076 2133 4145 esset,
2184 4074 2260 4131 ut
2302 4066 2437 4130 fere
2480 4064 2730 4129 nullam

485 4183 960 4247 dubii-ationem
1001 4181 1421 4262 relinqueret.
1509 4176 1639 4244 Sed
1682 4179 1883 4242 etiam
1914 4178 2290 4261 Stefl'enum,
2318 4195 2733 4259 ⁴quamquam

489 4311 1008 4375 una-nuptamque
1051 4285 1397 4375 personam
1441 4290 1556 4354 uni
1600 4288 1809 4353 actori
1853 4288 2136 4353 tribuere
2186 4287 2465 4369 studuit,
2511 4292 2733 4350 tamen
