3192 4967
1396 445 1822 512 ..34-

486 633 617 681 non
660 622 955 700 possunt,
1001 637 1142 681 cum
1190 636 1612 699 personarum
1662 619 1834 682 notis
1878 618 1945 682 in
1990 615 2302 686 Bembino
2348 614 2436 684 ad
2480 623 2728 703 septem

484 727 744 793 ultimas
790 733 1046 792 tantum
1068 728 1353 794 Andriae
1399 748 1666 792 scaenas
1713 729 1984 792 servatis
2027 751 2108 792 ex
2152 727 2232 792 iis
2271 735 2724 811 argumentum

482 838 567 903 ad
611 838 778 903 hanc
822 840 1304 922 quaestionem,
1364 859 1495 920 qua
1554 859 1671 921 per
1733 844 1906 902 totas
1965 837 2218 904 fabulas
2281 837 2474 902 unius
2518 839 2726 903 cuius-

485 971 611 1033 que
668 970 983 1033 personae
1036 954 1258 1013 notam
1316 948 1711 1031 pertinuisse
1771 947 2351 1015 demonstrandum
2406 948 2527 1031 sit,
2598 949 2729 1030 peti

482 1066 784 1142 nequeat.
872 1058 990 1124 His
1034 1060 1231 1142 igitur
1274 1059 1540 1122 seclusis
1584 1064 1839 1121 restant
1882 1058 2320 1140 undeviginti3
2365 1057 2480 1121 sed
2523 1078 2603 1122 ne
2646 1059 2727 1123 iis

485 1170 744 1253 quidem
790 1169 1086 1234 omnibus
1146 1169 1733 1252 argumentationis
1778 1169 1905 1231 vim
1950 1167 2302 1233 concedere
2363 1188 2722 1251 possumus.

482 1280 797 1347 Steffenus
844 1282 979 1361 ipse
1027 1279 1275 1342 Cliniae
1319 1284 1512 1361 nota,
1570 1298 1966 1360 quamquam
2010 1277 2359 1362 quinquies
2403 1279 2474 1343 Γ
2502 1277 2723 1343 littera

480 1389 904 1475 significatur,
952 1410 1104 1451 num
1148 1395 1323 1452 recta
1367 1389 1467 1469 sit,
1512 1389 1699 1452 valde
1744 1388 2000 1453 dubitat
2044 1408 2316 1470 eamque
2346 1387 2726 1453 mutandam

478 1521 619 1565 esse
665 1505 916 1580 censet3
976 1505 1318 1581 praeterea
1376 1503 1595 1562 autem
1642 1505 1787 1562 octo
1834 1521 1913 1562 ex
1956 1497 2086 1562 illis
2131 1496 2538 1579 undeviginti
2581 1519 2722 1582 per-

480 1611 688 1693 soniS‚
754 1631 920 1691 quae
982 1615 1267 1692 restant,
1328 1608 1527 1673 semel
1580 1614 1838 1672 tantum
1897 1608 1964 1672 in
2026 1627 2324 1673 scaenam
2382 1608 2725 1688 prodeunt.

480 1721 692 1798 Quare
737 1739 882 1782 cum
927 1717 1249 1783 Steffenus
1310 1720 1450 1802 ipse
1506 1719 1685 1783 dicat
1736 1717 1927 1782 facile
1971 1717 2110 1782 fieri
2155 1716 2480 1802 potuisse,
2542 1725 2614 1784 ut
2653 1719 2722 1784 in

480 1833 728 1898 scaenis
789 1852 856 1895 se
902 1828 1373 1911 excipientibus
1417 1828 1585 1894 falsa
1639 1827 2028 1912 significatio
2089 1828 2286 1892 semel
2358 1827 2541 1893 illata
2596 1847 2725 1893 ser-

476 1947 773 2024 varetur,
834 1948 1033 2023 atque
1088 1940 1157 2004 in
1217 1938 1337 2003 hac
1396 1960 1466 2004 re
1523 1941 1943 2022 praecipuam
1985 1937 2417 2021 corruptionis
2464 1958 2726 2002 causam

476 2051 689 2115 inesse
734 2057 956 2134 putet,
1004 2071 1113 2114 eas
1157 2069 1237 2112 ex
1282 2071 1547 2114 numero
1592 2049 1704 2115 illo
1753 2048 2078 2113 secludere
2126 2047 2454 2131 debemus,
2501 2069 2724 2130 quam-

476 2160 572 2224 vis
616 2159 718 2223 vel
776 2159 843 2222 in
907 2159 1157 2224 duabus
1200 2160 1304 2224 vel
1359 2161 1428 2224 in
1479 2157 1693 2224 tribus
1753 2160 2003 2225 scaenis
2058 2158 2175 2223 sed
2217 2178 2356 2223 sese
2401 2159 2722 2240 excipien-

477 2268 651 2334 tibus
698 2270 923 2334 eadem
967 2269 1587 2351 litte1·a‚signentur;
1633 2269 1896 2334 Steffeni
1921 2270 2092 2334 enim
2124 2269 2511 2334 sententiam
2540 2268 2722 2334 nullo

476 2379 667 2444 modo
727 2380 1034 2445 adiuvare
1094 2385 1161 2442 et
1232 2377 1489 2442 firmare
1544 2386 1831 2463 possunt.
1919 2379 2187 2444 Restant
2241 2378 2443 2463 igitur
2501 2377 2723 2470 decem

474 2510 791 2573 personae
851 2490 1073 2554 eadem
1133 2489 1351 2552 littera
1411 2509 1529 2571 per
1572 2495 1742 2554 totas
1786 2487 2045 2553 fabulas
2099 2490 2427 2572 signatae,
2488 2486 2723 2569 quibus

475 2601 602 2663 vim
649 2599 1234 2683 argumentationis
1281 2597 1655 2663 abiudicare
1699 2620 1830 2664 non
1874 2618 2234 2682 possumus.
2281 2598 2429 2681 Sed,
2457 2617 2720 2682 quaeso,

473 2715 773 2790 potestne
833 2728 913 2773 ex
956 2709 1037 2772 iis
1084 2710 1243 2772 satis
1287 2707 1475 2771 firma
1531 2729 1728 2774 causa
1769 2710 1908 2793 peti
1961 2709 2046 2773 ad
2089 2709 2265 2773 illam
2310 2708 2719 2790 sententiam,

476 2840 659 2883 suam
716 2820 909 2882 unius
967 2817 1279 2899 cuiusque
1339 2839 1657 2901 personae
1717 2826 1935 2883 notam
1991 2838 2109 2901 per
2168 2823 2375 2883 totam
2430 2817 2721 2884 fabulam

475 2929 841 3011 antiquitus
900 2928 1291 3011 pertinuisse
1350 2927 1735 2993 firmandam
1780 2935 1847 2992 et
1889 2927 2345 3011 probandam?
2430 2929 2714 3009 Licetne,

475 3043 745 3122 propter
787 3037 935 3104 illas
981 3029 1199 3101 decem
1238 3057 1671 3119 personarum
1716 3045 1907 3110 notas
1948 3038 2183 3121 viginti
2230 3039 2518 3121 quinque
2565 3037 2715 3102 aliar

473 3172 618 3214 rum
662 3149 918 3213 litteras
963 3153 1169 3231 tanta,
1214 3153 1464 3230 quanta
1505 3148 1712 3213 voluit
1754 3147 2104 3233 SteffenuS,
2149 3147 2426 3214 audacia
2467 3154 2720 3212 mutare

474 3267 574 3344 et,
635 3260 818 3325 nulla
874 3259 1007 3323 alia
1064 3279 1261 3323 causa
1319 3259 1526 3325 allata
1568 3259 1772 3342 {quasi
1831 3281 1947 3325 suo
2007 3257 2281 3324 arbitrio
2328 3257 2717 3323 emendare?

477 3371 756 3436 Concedi
802 3369 1062 3452 quidem
1107 3369 1336 3451 debet,
1396 3376 1588 3438 notas
1635 3371 1781 3435 illas
1825 3369 2013 3434 valde
2057 3369 2384 3451 corrumpi
2428 3368 2720 3452 potuisse

473 3480 858 3563 praesertim
904 3501 944 3542 a
987 3478 1273 3544 librariis
1332 3500 1554 3543 earum
1597 3482 1727 3543 vim
1784 3479 1962 3544 haud
2003 3476 2560 3561 intellegentibus3
2632 3482 2717 3563 et,

475 3588 1009 3674 significationem
1086 3587 1318 3652 falsam
1389 3589 1585 3653 semel
1658 3589 1908 3653 illatam
1974 3610 2280 3672 magnam
2355 3594 2719 3654 ceterarum

474 3700 843 3764 litterarum
905 3697 1387 3779 corruptionem
1455 3703 1522 3761 et
1580 3698 2023 3763 confusionem
2049 3753 2062 3778 ,¹
2089 3696 2342 3763 efficere
2404 3700 2716 3784 potuisse,

472 3810 698 3896 negari
741 3807 983 3893 nequit.
1072 3808 1153 3872 Et
1210 3829 1411 3872 unum
1453 3816 1622 3873 certe
1667 3830 1869 3891 genus
1927 3809 2450 3874 emendationum
2494 3808 2716 3876 Steffe-

473 3923 741 4010 uiarum*
777 3941 856 3983 ex
899 3918 1270 3984 litterarum
1314 3919 1738 3984 similitudine
1781 3919 2150 4004 probatum,
2173 3920 2331 4001 quin
2356 3940 2488 3983 non
2509 3918 2717 3983 solum

473 4052 847 4098 concessum
906 4028 1020 4092 sed
1066 4031 1264 4093 etiam
1307 4030 1745 4095 necessarium
1790 4031 1910 4112 sit,
1974 4031 2262 4096 dubitari
2306 4050 2436 4093 non
2479 4034 2715 4113 potest.

473 4140 629 4217 Quis
675 4140 846 4204 enim
893 4146 1005 4220 est,
1068 4140 1182 4221 qui
1225 4161 1356 4204 non
1400 4140 1755 4223 intellegat,
1822 4159 2013 4221 quam
2059 4139 2251 4203 facile
2295 4140 2364 4202 A
2407 4144 2474 4203 et
2516 4139 2572 4204 A
2616 4137 2716 4203 vel

470 4249 551 4331 E,
600 4248 656 4312 Θ
699 4256 764 4313 et
814 4249 880 4312 Ψ
928 4248 1100 4312 inter
1146 4270 1214 4313 se
1259 4251 1645 4316 commutari
1689 4249 2065 4332 potuerint?
2154 4230 2445 4325 Quatuor
2497 4253 2717 4313 autem
2753 4279 2772 4286 κ
