3192 4967
1349 382 1806 494 --17---4

514 594 590 663 In
635 593 988 682 Adelphos,
1033 597 1300 663 verbum
1343 597 1424 662 de
1468 595 1666 663 verbo
1712 617 2087 682 expressum
2130 595 2384 664 extulit.

517 708 682 773 Eam
725 730 843 774 nos
889 707 1100 773 acturi
1145 728 1364 773 sumus
1411 729 1675 772 novam:
1720 710 2090 792 pernoscite

516 820 975 884 Furtumne
1020 816 1337 884 factum
1382 818 1917 886 existumetis
1963 840 2061 884 an
2105 820 2373 885 locum

467 927 1068 1014 'Reprensum,
1117 930 1256 1013 qui
1298 929 1825 1014 praeteritus
1870 929 2608 1013 neglessgentia’st.H

604 1037 834 1104 Nonne
893 1038 1054 1104 haec
1109 1037 1308 1104 verba
1363 1042 1559 1123 plane
1620 1040 1705 1105 ad
1760 1039 1946 1106 illam
2017 1038 2532 1104 criminationem
2596 1039 2676 1103 nb

435 1149 822 1215 Eunuchum
866 1147 1106 1215 factam
1140 1156 1454 1234 spectant,
1497 1151 1881 1233 praesertim
1926 1170 2071 1216 cum
2114 1150 2182 1213 in
2210 1148 2520 1233 versibus,
2568 1151 2676 1231 qui

436 1264 818 1345 sequuntur,
867 1262 1064 1342 poeta
1107 1265 1396 1326 transeat
1441 1260 1526 1324 ad
1567 1280 1769 1325 novas
1815 1243 2333 1323 adversariorum
2375 1259 2682 1324 crimina*

435 1370 695 1435 tiones?
758 1369 860 1435 An
893 1369 1262 1436 Terentium
1305 1376 1440 1436 tam
1472 1376 1776 1435 accurate
1822 1369 1901 1435 de
1926 1369 2189 1434 fabulae
2220 1367 2680 1454 composititium

436 1481 800 1545 locuturum
832 1477 934 1545 vel
967 1482 1226 1546 omnino
1255 1485 1905 1545 commemoraturum
1939 1479 2159 1565 fuisse,
2189 1485 2407 1563 putaS,
2454 1499 2520 1543 ss
2552 1479 2680 1543 fur-

437 1597 578 1655 tum
621 1611 750 1655 non
796 1590 1056 1676 iecisse,
1119 1590 1247 1656 nisi
1290 1590 1413 1657 hoc
1459 1591 1519 1655 ei
1562 1591 1693 1655 iam
1739 1590 1994 1655 crimini
2037 1589 2264 1654 datum
2310 1603 2508 1671 esset,
2556 1591 2680 1655 nisi

440 1700 715 1766 similem
752 1702 1230 1767 accusationem
1256 1701 1631 1767 timuisset?
1676 1700 2176 1795 Evidentissime
2220 1700 2425 1783 igitur
2468 1723 2684 1767 eonse-

439 1812 685 1894 quitur‚
733 1817 884 1893 post
929 1793 1316 1878 Eunuchum
1357 1811 1690 1896 Adelphos
1733 1810 2011 1893 primum
2057 1817 2266 1877 actam
2310 1831 2480 1883 esse3
2540 1831 2684 1875 eum

438 1941 589 1985 vero
635 1920 879 1986 Donati
929 1907 1270 1988 'sententia
1327 1921 1615 1989 refutata
1674 1921 1923 1986 nullum
1968 1920 2150 1985 aliud
2194 1921 2359 1986 alius
2418 1923 2684 1987 astionis

438 2031 883 2096 testimonium
927 2037 1156 2117 exstet,
1204 2032 1364 2115 quid
1406 2037 1641 2116 restat,
1694 2031 1823 2096 nisi
1865 2036 1943 2095 ut
1986 2026 2379 2095 didascaliae
2423 2035 2684 2095 nestrae

441 2138 632 2205 fidem
689 2140 1046 2207 habeamus
1103 2149 1203 2227 et,
1278 2142 1433 2207 licet
1486 2146 1737 2207 veteres
1804 2139 2206 2225 grammatici
2267 2145 2332 2205 et
2393 2143 2684 2222 quamvis

446 2241 829 2317 dubitanter
871 2252 1169 2317 Donatus
1209 2251 1342 2318 alio
1401 2252 1591 2317 modo
1653 2250 2108 2333 iudicaverint,
2171 2269 2341 2315 anno
2386 2250 2512 2315 594
2556 2251 2684 2335 pri=

446 2381 620 2424 mum
665 2360 958 2427 Terentii
1000 2361 1331 2447 Adelphos
1376 2367 1589 2428 actam
1634 2381 1773 2427 esse
1819 2360 2202 2425 credamus?
2252 2397 2330 2409 -
