<?xml version="1.0" encoding="UTF-8"?>
<!DOCTYPE html PUBLIC "-//W3C//DTD XHTML 1.0 Transitional//EN"
    "http://www.w3.org/TR/xhtml1/DTD/xhtml1-transitional.dtd">
<html xmlns="http://www.w3.org/1999/xhtml" xml:lang="en" lang="en">
 <head>
  <title>
</title>
<meta http-equiv="Content-Type" content="text/html;charset=utf-8" />
  <meta name='ocr-system' content='tesseract 3.04.00' />
  <meta name='ocr-capabilities' content='ocr_page ocr_carea ocr_par ocr_line ocrx_word'/>
</head>
<body>
  <div class='ocr_page' id='page_1' title='image "./quaestionestere00bossgoog_0029.png"; bbox 0 0 3192 4967; ppageno 0'>
   <div class='ocr_carea' id='block_1_1' title="bbox 1382 434 1802 499">
    <p class='ocr_par' dir='ltr' id='par_1_1' title="bbox 1382 434 1802 499">
     <span class='ocr_line' id='line_1_1' title="bbox 1382 434 1802 499; baseline -0.002 -16"><span class='ocrx_word' id='word_1_1' title='bbox 1382 434 1802 499; x_wconf 57' lang='lat'><strong>„25-</strong></span> 
     </span>
    </p>
   </div>
   <div class='ocr_carea' id='block_1_2' title="bbox 446 599 2728 4106">
    <p class='ocr_par' dir='ltr' id='par_1_2' title="bbox 446 599 2728 4106">
     <span class='ocr_line' id='line_1_2' title="bbox 474 599 2719 694; baseline -0.002 -24"><span class='ocrx_word' id='word_1_2' title='bbox 474 625 666 694; x_wconf 78' lang='lat' dir='ltr'><strong>sonas</strong></span> <span class='ocrx_word' id='word_1_3' title='bbox 723 601 804 668; x_wconf 90' lang='lat' dir='ltr'><strong>ab</strong></span> <span class='ocrx_word' id='word_1_4' title='bbox 848 625 979 670; x_wconf 91' lang='lat' dir='ltr'><strong>uno</strong></span> <span class='ocrx_word' id='word_1_5' title='bbox 1037 609 1258 669; x_wconf 92' lang='lat' dir='ltr'><strong>actore</strong></span> <span class='ocrx_word' id='word_1_6' title='bbox 1314 610 1649 688; x_wconf 88' lang='lat' dir='ltr'><strong>susceptas</strong></span> <span class='ocrx_word' id='word_1_7' title='bbox 1711 625 1871 669; x_wconf 91' lang='lat' dir='ltr'><strong>esse.</strong></span> <span class='ocrx_word' id='word_1_8' title='bbox 1978 601 2416 685; x_wconf 82' lang='lat' dir='ltr'><strong>Quamquam,</strong></span> <span class='ocrx_word' id='word_1_9' title='bbox 2477 599 2532 665; x_wconf 89' lang='lat' dir='ltr'><strong>si</strong></span> <span class='ocrx_word' id='word_1_10' title='bbox 2581 622 2719 667; x_wconf 89' lang='lat' dir='ltr'><strong>rem</strong></span> 
     </span>
     <span class='ocr_line' id='line_1_3' title="bbox 475 711 2718 798; baseline 0 -19"><span class='ocrx_word' id='word_1_11' title='bbox 475 715 841 781; x_wconf 82' lang='lat' dir='ltr'>accuratius</span> <span class='ocrx_word' id='word_1_12' title='bbox 887 722 1270 798; x_wconf 76' lang='lat' dir='ltr'><strong>spectamu8‚</strong></span> <span class='ocrx_word' id='word_1_13' title='bbox 1314 716 1563 781; x_wconf 91' lang='lat' dir='ltr'><strong>nullum</strong></span> <span class='ocrx_word' id='word_1_14' title='bbox 1607 719 2062 798; x_wconf 75' lang='lat' dir='ltr'><strong>argumentum</strong></span> <span class='ocrx_word' id='word_1_15' title='bbox 2108 711 2192 780; x_wconf 87' lang='lat' dir='ltr'><strong>ad</strong></span> <span class='ocrx_word' id='word_1_16' title='bbox 2236 711 2419 776; x_wconf 89' lang='lat' dir='ltr'><strong>illam</strong></span> <span class='ocrx_word' id='word_1_17' title='bbox 2464 717 2718 780; x_wconf 89' lang='lat' dir='ltr'><strong>senten-.</strong></span> 
     </span>
     <span class='ocr_line' id='line_1_4' title="bbox 473 821 2721 910; baseline -0.003 -19"><span class='ocrx_word' id='word_1_18' title='bbox 473 825 633 892; x_wconf 86' lang='lat' dir='ltr'><strong>tiam</strong></span> <span class='ocrx_word' id='word_1_19' title='bbox 665 823 1230 890; x_wconf 83' lang='lat' dir='ltr'><strong>demonstrandam</strong></span> <span class='ocrx_word' id='word_1_20' title='bbox 1263 827 1508 910; x_wconf 90' lang='lat' dir='ltr'><strong>attulit,</strong></span> <span class='ocrx_word' id='word_1_21' title='bbox 1553 827 1682 891; x_wconf 89' lang='lat' dir='ltr'><strong>nisi</strong></span> <span class='ocrx_word' id='word_1_22' title='bbox 1713 825 2128 908; x_wconf 72' lang='lat' dir='ltr'><strong>levissimum,</strong></span> <span class='ocrx_word' id='word_1_23' title='bbox 2173 824 2349 907; x_wconf 85' lang='lat' dir='ltr'><strong>quod</strong></span> <span class='ocrx_word' id='word_1_24' title='bbox 2376 823 2478 888; x_wconf 88' lang='lat' dir='ltr'><strong>his</strong></span> <span class='ocrx_word' id='word_1_25' title='bbox 2509 821 2721 886; x_wconf 84' lang='lat' dir='ltr'><strong>verbis</strong></span> 
     </span>
     <span class='ocr_line' id='line_1_5' title="bbox 475 931 2721 1019; baseline -0.002 -18"><span class='ocrx_word' id='word_1_26' title='bbox 475 936 897 1018; x_wconf 84' lang='lat' dir='ltr'><strong>expressit*):</strong></span> <span class='ocrx_word' id='word_1_27' title='bbox 983 934 1129 1019; x_wconf 85' lang='lat' dir='ltr'><strong>„An</strong></span> <span class='ocrx_word' id='word_1_28' title='bbox 1188 935 1805 1019; x_wconf 76' lang='lat' dir='ltr'><strong>einvollst‘andiges</strong></span> <span class='ocrx_word' id='word_1_29' title='bbox 1844 934 2183 1019; x_wconf 90' lang='lat' dir='ltr'><strong>Aufgeben</strong></span> <span class='ocrx_word' id='word_1_30' title='bbox 2228 935 2341 999; x_wconf 89' lang='lat' dir='ltr'><strong>der</strong></span> <span class='ocrx_word' id='word_1_31' title='bbox 2384 934 2561 999; x_wconf 89' lang='lat' dir='ltr'><strong>alten</strong></span> <span class='ocrx_word' id='word_1_32' title='bbox 2604 931 2721 996; x_wconf 91' lang='lat' dir='ltr'><strong>Be-</strong></span> 
     </span>
     <span class='ocr_line' id='line_1_6' title="bbox 478 1042 2720 1132; baseline -0.002 -21"><span class='ocrx_word' id='word_1_33' title='bbox 478 1045 896 1129; x_wconf 70' lang='lat' dir='ltr'><strong>schrankung</strong></span> <span class='ocrx_word' id='word_1_34' title='bbox 939 1046 1005 1109; x_wconf 89' lang='lat' dir='ltr'><strong>in</strong></span> <span class='ocrx_word' id='word_1_35' title='bbox 1051 1045 1164 1110; x_wconf 88' lang='lat' dir='ltr'><strong>der</strong></span> <span class='ocrx_word' id='word_1_36' title='bbox 1207 1045 1833 1132; x_wconf 87' lang='lat' dir='ltr'><strong>Schauspielerzahl‚</strong></span> <span class='ocrx_word' id='word_1_37' title='bbox 1879 1067 1949 1111; x_wconf 92' lang='lat' dir='ltr'><strong>so</strong></span> <span class='ocrx_word' id='word_1_38' title='bbox 1997 1043 2147 1110; x_wconf 88' lang='lat' dir='ltr'><strong>dass</strong></span> <span class='ocrx_word' id='word_1_39' title='bbox 2190 1045 2331 1111; x_wconf 90' lang='lat' dir='ltr'><strong>also</strong></span> <span class='ocrx_word' id='word_1_40' title='bbox 2377 1042 2545 1107; x_wconf 88' lang='lat' dir='ltr'><strong>nach</strong></span> <span class='ocrx_word' id='word_1_41' title='bbox 2589 1062 2720 1106; x_wconf 91' lang='lat' dir='ltr'><strong>mo-</strong></span> 
     </span>
     <span class='ocr_line' id='line_1_7' title="bbox 477 1153 2726 1239; baseline -0.001 -19"><span class='ocrx_word' id='word_1_42' title='bbox 477 1155 710 1221; x_wconf 88' lang='lat' dir='ltr'><strong>derner</strong></span> <span class='ocrx_word' id='word_1_43' title='bbox 753 1153 966 1221; x_wconf 87' lang='lat' dir='ltr'><strong>Weise</strong></span> <span class='ocrx_word' id='word_1_44' title='bbox 1002 1155 1156 1239; x_wconf 85' lang='lat' dir='ltr'>jede</span> <span class='ocrx_word' id='word_1_45' title='bbox 1186 1157 1372 1222; x_wconf 88' lang='lat' dir='ltr'><strong>Rolle</strong></span> <span class='ocrx_word' id='word_1_46' title='bbox 1414 1157 1624 1222; x_wconf 89' lang='lat' dir='ltr'><strong>ihrem</strong></span> <span class='ocrx_word' id='word_1_47' title='bbox 1654 1156 2056 1222; x_wconf 88' lang='lat' dir='ltr'><strong>besonderen</strong></span> <span class='ocrx_word' id='word_1_48' title='bbox 2084 1154 2327 1219; x_wconf 90' lang='lat' dir='ltr'><strong>Acteur</strong></span> <span class='ocrx_word' id='word_1_49' title='bbox 2364 1155 2726 1238; x_wconf 82' lang='lat' dir='ltr'><strong>zugetheilt</strong></span> 
     </span>
     <span class='ocr_line' id='line_1_8' title="bbox 472 1261 2720 1352; baseline 0 -23"><span class='ocrx_word' id='word_1_50' title='bbox 472 1266 722 1350; x_wconf 81' lang='lat' dir='ltr'><strong>wiirde,</strong></span> <span class='ocrx_word' id='word_1_51' title='bbox 808 1266 985 1329; x_wconf 88' lang='lat' dir='ltr'><strong>kann</strong></span> <span class='ocrx_word' id='word_1_52' title='bbox 1054 1267 1254 1333; x_wconf 88' lang='lat' dir='ltr'><strong>schon</strong></span> <span class='ocrx_word' id='word_1_53' title='bbox 1324 1268 1692 1352; x_wconf 88' lang='lat' dir='ltr'><strong>desswegen</strong></span> <span class='ocrx_word' id='word_1_54' title='bbox 1762 1265 1975 1331; x_wconf 86' lang='lat' dir='ltr'><strong>weder</strong></span> <span class='ocrx_word' id='word_1_55' title='bbox 2045 1265 2152 1328; x_wconf 91' lang='lat' dir='ltr'><strong>bei</strong></span> <span class='ocrx_word' id='word_1_56' title='bbox 2223 1261 2375 1329; x_wconf 59' lang='lat' dir='ltr'><strong>den&#39;</strong></span> <span class='ocrx_word' id='word_1_57' title='bbox 2415 1269 2720 1347; x_wconf 76' lang='lat' dir='ltr'><strong>spateren</strong></span> 
     </span>
     <span class='ocr_line' id='line_1_9' title="bbox 447 1357 2720 1462; baseline -0.002 -21"><span class='ocrx_word' id='word_1_58' title='bbox 447 1374 800 1441; x_wconf 82' lang='lat' dir='ltr'><strong>.Griechen</strong></span> <span class='ocrx_word' id='word_1_59' title='bbox 843 1377 1012 1442; x_wconf 89' lang='lat' dir='ltr'><strong>noch</strong></span> <span class='ocrx_word' id='word_1_60' title='bbox 1056 1377 1162 1441; x_wconf 90' lang='lat' dir='ltr'><strong>bei</strong></span> <span class='ocrx_word' id='word_1_61' title='bbox 1206 1376 1332 1442; x_wconf 90' lang='lat' dir='ltr'><strong>den</strong></span> <span class='ocrx_word' id='word_1_62' title='bbox 1375 1357 1658 1443; x_wconf 73' lang='lat' dir='ltr'><strong>Romern</strong></span> <span class='ocrx_word' id='word_1_63' title='bbox 1714 1375 1995 1462; x_wconf 82' lang='lat' dir='ltr'><strong>gedacht</strong></span> <span class='ocrx_word' id='word_1_64' title='bbox 2037 1375 2329 1455; x_wconf 88' lang='lat' dir='ltr'><strong>werden,</strong></span> <span class='ocrx_word' id='word_1_65' title='bbox 2391 1375 2533 1439; x_wconf 89' lang='lat' dir='ltr'><strong>weil</strong></span> <span class='ocrx_word' id='word_1_66' title='bbox 2578 1376 2720 1439; x_wconf 92' lang='lat' dir='ltr'><strong>eine</strong></span> 
     </span>
     <span class='ocr_line' id='line_1_10' title="bbox 484 1484 2723 1572; baseline -0.002 -21"><span class='ocrx_word' id='word_1_67' title='bbox 484 1508 554 1552; x_wconf 91' lang='lat' dir='ltr'><strong>so</strong></span> <span class='ocrx_word' id='word_1_68' title='bbox 600 1485 985 1569; x_wconf 85' lang='lat' dir='ltr'><strong>griindliche</strong></span> <span class='ocrx_word' id='word_1_69' title='bbox 1029 1486 1380 1572; x_wconf 89' lang='lat' dir='ltr'><strong>Neuerung</strong></span> <span class='ocrx_word' id='word_1_70' title='bbox 1438 1486 1785 1552; x_wconf 89' lang='lat' dir='ltr'><strong>sicherlich</strong></span> <span class='ocrx_word' id='word_1_71' title='bbox 1830 1488 2010 1554; x_wconf 89' lang='lat' dir='ltr'><strong>nicht</strong></span> <span class='ocrx_word' id='word_1_72' title='bbox 2053 1487 2173 1551; x_wconf 90' lang='lat' dir='ltr'><strong>mit</strong></span> <span class='ocrx_word' id='word_1_73' title='bbox 2215 1484 2723 1568; x_wconf 83' lang='lat' dir='ltr'><strong>Stillschweigen</strong></span> 
     </span>
     <span class='ocr_line' id='line_1_11' title="bbox 485 1587 2723 1682; baseline -0.002 -20"><span class='ocrx_word' id='word_1_74' title='bbox 485 1596 906 1682; x_wconf 86' lang='lat' dir='ltr'><strong>iibergangen</strong></span> <span class='ocrx_word' id='word_1_75' title='bbox 933 1596 1195 1662; x_wconf 88' lang='lat' dir='ltr'><strong>worden</strong></span> <span class='ocrx_word' id='word_1_76' title='bbox 1239 1587 1474 1663; x_wconf 68' lang='lat' dir='ltr'><strong>w&#39;aref‘</strong></span> <span class='ocrx_word' id='word_1_77' title='bbox 1557 1596 1708 1662; x_wconf 86' lang='lat' dir='ltr'><strong>Non</strong></span> <span class='ocrx_word' id='word_1_78' title='bbox 1752 1619 1915 1680; x_wconf 90' lang='lat' dir='ltr'><strong>opus</strong></span> <span class='ocrx_word' id='word_1_79' title='bbox 1942 1596 2220 1680; x_wconf 84' lang='lat' dir='ltr'><strong>videtur,</strong></span> <span class='ocrx_word' id='word_1_80' title='bbox 2266 1603 2336 1661; x_wconf 91' lang='lat' dir='ltr'><strong>ut</strong></span> <span class='ocrx_word' id='word_1_81' title='bbox 2361 1594 2723 1679; x_wconf 81' lang='lat' dir='ltr'><strong>ostendam,</strong></span> 
     </span>
     <span class='ocr_line' id='line_1_12' title="bbox 478 1698 2728 1792; baseline -0.002 -20"><span class='ocrx_word' id='word_1_82' title='bbox 478 1728 673 1791; x_wconf 84' lang='lat' dir='ltr'><strong>quam</strong></span> <span class='ocrx_word' id='word_1_83' title='bbox 720 1708 849 1772; x_wconf 82' lang='lat' dir='ltr'><strong>vim</strong></span> <span class='ocrx_word' id='word_1_84' title='bbox 892 1707 1209 1773; x_wconf 86' lang='lat' dir='ltr'><strong>eiusmodi</strong></span> <span class='ocrx_word' id='word_1_85' title='bbox 1240 1714 1625 1792; x_wconf 85' lang='lat' dir='ltr'><strong>argumenta</strong></span> <span class='ocrx_word' id='word_1_86' title='bbox 1667 1728 1747 1771; x_wconf 83' lang='lat' dir='ltr'><strong>ex</strong></span> <span class='ocrx_word' id='word_1_87' title='bbox 1790 1708 2050 1776; x_wconf 89' lang='lat' dir='ltr'><strong>silentio</strong></span> <span class='ocrx_word' id='word_1_88' title='bbox 2070 1698 2472 1790; x_wconf 49' lang='lat' dir='ltr'><strong>&#39;scriptorum</strong></span> <span class='ocrx_word' id='word_1_89' title='bbox 2516 1706 2728 1787; x_wconf 90' lang='lat' dir='ltr'><strong>petita</strong></span> 
     </span>
     <span class='ocr_line' id='line_1_13' title="bbox 482 1815 2722 1902; baseline -0.001 -21"><span class='ocrx_word' id='word_1_90' title='bbox 482 1817 808 1902; x_wconf 88' lang='lat' dir='ltr'><strong>habeant,</strong></span> <span class='ocrx_word' id='word_1_91' title='bbox 869 1819 923 1883; x_wconf 91' lang='lat' dir='ltr'><strong>si</strong></span> <span class='ocrx_word' id='word_1_92' title='bbox 965 1840 1097 1884; x_wconf 92' lang='lat' dir='ltr'><strong>non</strong></span> <span class='ocrx_word' id='word_1_93' title='bbox 1142 1817 1229 1885; x_wconf 91' lang='lat' dir='ltr'><strong>ad</strong></span> <span class='ocrx_word' id='word_1_94' title='bbox 1285 1817 1810 1902; x_wconf 79' lang='lat' dir='ltr'><strong>probabilitatem</strong></span> <span class='ocrx_word' id='word_1_95' title='bbox 1866 1820 1964 1884; x_wconf 89' lang='lat' dir='ltr'><strong>rei</strong></span> <span class='ocrx_word' id='word_1_96' title='bbox 2008 1818 2138 1881; x_wconf 89' lang='lat' dir='ltr'><strong>iam</strong></span> <span class='ocrx_word' id='word_1_97' title='bbox 2197 1837 2404 1900; x_wconf 91' lang='lat' dir='ltr'><strong>paene</strong></span> <span class='ocrx_word' id='word_1_98' title='bbox 2464 1815 2722 1881; x_wconf 88' lang='lat' dir='ltr'><strong>demon-</strong></span> 
     </span>
     <span class='ocr_line' id='line_1_14' title="bbox 481 1927 2723 2013; baseline -0.001 -21"><span class='ocrx_word' id='word_1_99' title='bbox 481 1933 729 1993; x_wconf 83' lang='lat' dir='ltr'><strong>stratae</strong></span> <span class='ocrx_word' id='word_1_100' title='bbox 775 1928 1159 2013; x_wconf 82' lang='lat' dir='ltr'><strong>augendam,</strong></span> <span class='ocrx_word' id='word_1_101' title='bbox 1206 1929 1318 1994; x_wconf 91' lang='lat' dir='ltr'><strong>sed</strong></span> <span class='ocrx_word' id='word_1_102' title='bbox 1365 1928 1447 1993; x_wconf 90' lang='lat' dir='ltr'><strong>ad</strong></span> <span class='ocrx_word' id='word_1_103' title='bbox 1482 1951 1619 1993; x_wconf 90' lang='lat' dir='ltr'><strong>rem</strong></span> <span class='ocrx_word' id='word_1_104' title='bbox 1663 1928 1874 2012; x_wconf 81' lang='lat' dir='ltr'><strong>ipsam</strong></span> <span class='ocrx_word' id='word_1_105' title='bbox 1918 1927 2497 1993; x_wconf 50' lang='lat' dir='ltr'><strong>vdemonstrandam</strong></span> <span class='ocrx_word' id='word_1_106' title='bbox 2541 1947 2723 1990; x_wconf 91' lang='lat' dir='ltr'><strong>usur-</strong></span> 
     </span>
     <span class='ocr_line' id='line_1_15' title="bbox 478 2036 2722 2123; baseline -0.001 -21"><span class='ocrx_word' id='word_1_107' title='bbox 478 2045 735 2122; x_wconf 81' lang='lat' dir='ltr'><strong>pantur.</strong></span> <span class='ocrx_word' id='word_1_108' title='bbox 824 2038 991 2103; x_wconf 89' lang='lat' dir='ltr'><strong>Nam</strong></span> <span class='ocrx_word' id='word_1_109' title='bbox 1035 2049 1181 2104; x_wconf 88' lang='lat' dir='ltr'><strong>cum</strong></span> <span class='ocrx_word' id='word_1_110' title='bbox 1224 2040 1318 2104; x_wconf 89' lang='lat' dir='ltr'><strong>eis</strong></span> <span class='ocrx_word' id='word_1_111' title='bbox 1378 2040 1798 2123; x_wconf 77' lang='lat' dir='ltr'><strong>argumentiS‚</strong></span> <span class='ocrx_word' id='word_1_112' title='bbox 1843 2037 1924 2103; x_wconf 90' lang='lat' dir='ltr'><strong>de</strong></span> <span class='ocrx_word' id='word_1_113' title='bbox 1966 2038 2202 2123; x_wconf 90' lang='lat' dir='ltr'><strong>quibus</strong></span> <span class='ocrx_word' id='word_1_114' title='bbox 2246 2038 2374 2101; x_wconf 90' lang='lat' dir='ltr'><strong>iam</strong></span> <span class='ocrx_word' id='word_1_115' title='bbox 2422 2036 2722 2120; x_wconf 78' lang='lat' dir='ltr'><strong>diximuS,</strong></span> 
     </span>
     <span class='ocr_line' id='line_1_16' title="bbox 476 2147 2721 2232; baseline -0.001 -19"><span class='ocrx_word' id='word_1_116' title='bbox 476 2149 642 2215; x_wconf 91' lang='lat' dir='ltr'><strong>nihil</strong></span> <span class='ocrx_word' id='word_1_117' title='bbox 681 2149 1115 2214; x_wconf 90' lang='lat' dir='ltr'><strong>demonstrari</strong></span> <span class='ocrx_word' id='word_1_118' title='bbox 1146 2150 1506 2215; x_wconf 78' lang='lat' dir='ltr'><strong>ostendisse</strong></span> <span class='ocrx_word' id='word_1_119' title='bbox 1540 2149 1891 2232; x_wconf 88' lang='lat' dir='ltr'><strong>videamur,</strong></span> <span class='ocrx_word' id='word_1_120' title='bbox 1927 2148 2085 2232; x_wconf 89' lang='lat' dir='ltr'><strong>quid</strong></span> <span class='ocrx_word' id='word_1_121' title='bbox 2116 2147 2194 2212; x_wconf 90' lang='lat' dir='ltr'><strong>de</strong></span> <span class='ocrx_word' id='word_1_122' title='bbox 2225 2147 2474 2213; x_wconf 90' lang='lat' dir='ltr'><strong>duabus</strong></span> <span class='ocrx_word' id='word_1_123' title='bbox 2505 2148 2721 2231; x_wconf 79' lang='lat' dir='ltr'><strong>rebuS,</strong></span> 
     </span>
     <span class='ocr_line' id='line_1_17' title="bbox 477 2257 2721 2343; baseline -0 -20"><span class='ocrx_word' id='word_1_124' title='bbox 477 2281 641 2343; x_wconf 87' lang='lat' dir='ltr'><strong>quas</strong></span> <span class='ocrx_word' id='word_1_125' title='bbox 685 2264 1031 2342; x_wconf 88' lang='lat' dir='ltr'><strong>praeterea</strong></span> <span class='ocrx_word' id='word_1_126' title='bbox 1074 2258 1467 2325; x_wconf 86' lang='lat' dir='ltr'><strong>Schmidtius</strong></span> <span class='ocrx_word' id='word_1_127' title='bbox 1513 2259 1601 2327; x_wconf 88' lang='lat' dir='ltr'><strong>ad</strong></span> <span class='ocrx_word' id='word_1_128' title='bbox 1649 2260 2041 2326; x_wconf 86' lang='lat' dir='ltr'><strong>sententiam</strong></span> <span class='ocrx_word' id='word_1_129' title='bbox 2098 2280 2281 2325; x_wconf 90' lang='lat' dir='ltr'><strong>suam</strong></span> <span class='ocrx_word' id='word_1_130' title='bbox 2339 2257 2721 2323; x_wconf 88' lang='lat' dir='ltr'><strong>confirman-</strong></span> 
     </span>
     <span class='ocr_line' id='line_1_18' title="bbox 476 2368 2727 2455; baseline -0.001 -22"><span class='ocrx_word' id='word_1_131' title='bbox 476 2369 626 2436; x_wconf 89' lang='lat' dir='ltr'><strong>dam</strong></span> <span class='ocrx_word' id='word_1_132' title='bbox 653 2369 888 2455; x_wconf 79' lang='lat' dir='ltr'><strong>attulit,</strong></span> <span class='ocrx_word' id='word_1_133' title='bbox 933 2368 1354 2436; x_wconf 89' lang='lat' dir='ltr'><strong>iudicandum</strong></span> <span class='ocrx_word' id='word_1_134' title='bbox 1391 2372 1496 2453; x_wconf 79' lang='lat' dir='ltr'><strong>sit,</strong></span> <span class='ocrx_word' id='word_1_135' title='bbox 1522 2377 1698 2435; x_wconf 85' lang='lat' dir='ltr'><strong>recte</strong></span> <span class='ocrx_word' id='word_1_136' title='bbox 1728 2370 2062 2453; x_wconf 86' lang='lat' dir='ltr'><strong>perspexit</strong></span> <span class='ocrx_word' id='word_1_137' title='bbox 2087 2368 2401 2434; x_wconf 87' lang='lat' dir='ltr'><strong>Steffenus</strong></span> <span class='ocrx_word' id='word_1_138' title='bbox 2422 2370 2533 2454; x_wconf 82' lang='lat'><em>**),</em></span> <span class='ocrx_word' id='word_1_139' title='bbox 2577 2389 2727 2432; x_wconf 87' lang='lat' dir='ltr'><strong>cum-</strong></span> 
     </span>
     <span class='ocr_line' id='line_1_19' title="bbox 477 2478 2721 2565; baseline -0 -21"><span class='ocrx_word' id='word_1_140' title='bbox 477 2481 569 2545; x_wconf 87' lang='lat' dir='ltr'><strong>eis</strong></span> <span class='ocrx_word' id='word_1_141' title='bbox 602 2500 855 2545; x_wconf 91' lang='lat' dir='ltr'><strong>omnem</strong></span> <span class='ocrx_word' id='word_1_142' title='bbox 899 2481 1027 2545; x_wconf 89' lang='lat' dir='ltr'><strong>vim</strong></span> <span class='ocrx_word' id='word_1_143' title='bbox 1055 2481 1642 2565; x_wconf 86' lang='lat' dir='ltr'><strong>argumentationis</strong></span> <span class='ocrx_word' id='word_1_144' title='bbox 1675 2478 2035 2562; x_wconf 84' lang='lat' dir='ltr'><strong>abiudicet3</strong></span> <span class='ocrx_word' id='word_1_145' title='bbox 2082 2500 2285 2562; x_wconf 88' lang='lat' dir='ltr'><strong>quare</strong></span> <span class='ocrx_word' id='word_1_146' title='bbox 2315 2479 2721 2564; x_wconf 83' lang='lat' dir='ltr'><strong>paucissimis</strong></span> 
     </span>
     <span class='ocr_line' id='line_1_20' title="bbox 475 2589 2719 2674; baseline -0 -20"><span class='ocrx_word' id='word_1_147' title='bbox 475 2589 662 2670; x_wconf 84' lang='lat' dir='ltr'><strong>nobis</strong></span> <span class='ocrx_word' id='word_1_148' title='bbox 720 2589 798 2655; x_wconf 89' lang='lat' dir='ltr'><strong>de</strong></span> <span class='ocrx_word' id='word_1_149' title='bbox 857 2590 938 2655; x_wconf 87' lang='lat' dir='ltr'><strong>iis</strong></span> <span class='ocrx_word' id='word_1_150' title='bbox 998 2611 1190 2674; x_wconf 90' lang='lat' dir='ltr'><strong>agere</strong></span> <span class='ocrx_word' id='word_1_151' title='bbox 1249 2591 1489 2656; x_wconf 80' lang='lat' dir='ltr'><strong>licebit.</strong></span> <span class='ocrx_word' id='word_1_152' title='bbox 1549 2629 1610 2639; x_wconf 83' lang='lat'>-</span> <span class='ocrx_word' id='word_1_153' title='bbox 1661 2590 1946 2654; x_wconf 91' lang='lat' dir='ltr'><strong>Primum</strong></span> <span class='ocrx_word' id='word_1_154' title='bbox 2004 2610 2136 2654; x_wconf 91' lang='lat' dir='ltr'><strong>non</strong></span> <span class='ocrx_word' id='word_1_155' title='bbox 2195 2590 2321 2654; x_wconf 90' lang='lat' dir='ltr'><strong>nisi</strong></span> <span class='ocrx_word' id='word_1_156' title='bbox 2378 2610 2455 2654; x_wconf 84' lang='lat' dir='ltr'><strong>ex</strong></span> <span class='ocrx_word' id='word_1_157' title='bbox 2515 2607 2719 2673; x_wconf 84' lang='lat' dir='ltr'><strong>parvo</strong></span> 
     </span>
     <span class='ocr_line' id='line_1_21' title="bbox 476 2699 2719 2786; baseline -0.001 -20"><span class='ocrx_word' id='word_1_158' title='bbox 476 2722 744 2766; x_wconf 90' lang='lat' dir='ltr'><strong>numero</strong></span> <span class='ocrx_word' id='word_1_159' title='bbox 792 2706 1078 2765; x_wconf 90' lang='lat' dir='ltr'><strong>actorum</strong></span> <span class='ocrx_word' id='word_1_160' title='bbox 1123 2706 1189 2766; x_wconf 91' lang='lat' dir='ltr'><strong>et</strong></span> <span class='ocrx_word' id='word_1_161' title='bbox 1233 2722 1311 2765; x_wconf 89' lang='lat' dir='ltr'><strong>ex</strong></span> <span class='ocrx_word' id='word_1_162' title='bbox 1355 2702 1611 2766; x_wconf 90' lang='lat' dir='ltr'><strong>ratione</strong></span> <span class='ocrx_word' id='word_1_163' title='bbox 1656 2701 1724 2765; x_wconf 93' lang='lat' dir='ltr'><strong>in</strong></span> <span class='ocrx_word' id='word_1_164' title='bbox 1766 2701 2059 2786; x_wconf 92' lang='lat' dir='ltr'><strong>personis</strong></span> <span class='ocrx_word' id='word_1_165' title='bbox 2106 2699 2565 2766; x_wconf 86' lang='lat' dir='ltr'><strong>distribuendis</strong></span> <span class='ocrx_word' id='word_1_166' title='bbox 2612 2699 2719 2764; x_wconf 90' lang='lat' dir='ltr'><strong>ad-</strong></span> 
     </span>
     <span class='ocr_line' id='line_1_22' title="bbox 471 2808 2721 2896; baseline -0 -21"><span class='ocrx_word' id='word_1_167' title='bbox 471 2810 683 2876; x_wconf 85' lang='lat' dir='ltr'><strong>hibita</strong></span> <span class='ocrx_word' id='word_1_168' title='bbox 729 2809 1181 2893; x_wconf 84' lang='lat' dir='ltr'><strong>explicandum</strong></span> <span class='ocrx_word' id='word_1_169' title='bbox 1228 2832 1367 2877; x_wconf 91' lang='lat' dir='ltr'><strong>esse</strong></span> <span class='ocrx_word' id='word_1_170' title='bbox 1411 2817 1625 2896; x_wconf 88' lang='lat' dir='ltr'><strong>putat,</strong></span> <span class='ocrx_word' id='word_1_171' title='bbox 1673 2810 1847 2895; x_wconf 90' lang='lat' dir='ltr'><strong>quod</strong></span> <span class='ocrx_word' id='word_1_172' title='bbox 1886 2812 1955 2875; x_wconf 93' lang='lat' dir='ltr'><strong>in</strong></span> <span class='ocrx_word' id='word_1_173' title='bbox 2001 2808 2440 2893; x_wconf 86' lang='lat' dir='ltr'><strong>compluribus</strong></span> <span class='ocrx_word' id='word_1_174' title='bbox 2479 2810 2721 2876; x_wconf 89' lang='lat' dir='ltr'><strong>fabulis</strong></span> 
     </span>
     <span class='ocr_line' id='line_1_23' title="bbox 472 2913 2719 3004; baseline 0 -19"><span class='ocrx_word' id='word_1_175' title='bbox 472 2921 743 2986; x_wconf 89' lang='lat' dir='ltr'><strong>eximiae</strong></span> <span class='ocrx_word' id='word_1_176' title='bbox 806 2941 1109 3004; x_wconf 82' lang='lat' dir='ltr'><strong>scaenae,</strong></span> <span class='ocrx_word' id='word_1_177' title='bbox 1172 2942 1338 3004; x_wconf 88' lang='lat' dir='ltr'><strong>quae</strong></span> <span class='ocrx_word' id='word_1_178' title='bbox 1398 2913 1856 2988; x_wconf 85' lang='lat' dir='ltr'><strong>nonnullarum</strong></span> <span class='ocrx_word' id='word_1_179' title='bbox 1915 2941 2342 3004; x_wconf 89' lang='lat' dir='ltr'><strong>personarum</strong></span> <span class='ocrx_word' id='word_1_180' title='bbox 2400 2926 2719 2985; x_wconf 84' lang='lat' dir='ltr'><strong>conventu</strong></span> 
     </span>
     <span class='ocr_line' id='line_1_24' title="bbox 446 3025 2726 3115; baseline 0.003 -26"><span class='ocrx_word' id='word_1_181' title='bbox 446 3031 853 3115; x_wconf 79' lang='lat' dir='ltr'><strong>evaderent,</strong></span> <span class='ocrx_word' id='word_1_182' title='bbox 914 3031 1189 3096; x_wconf 85' lang='lat' dir='ltr'><strong>omissae</strong></span> <span class='ocrx_word' id='word_1_183' title='bbox 1251 3034 1400 3097; x_wconf 90' lang='lat' dir='ltr'><strong>sint.</strong></span> <span class='ocrx_word' id='word_1_184' title='bbox 1487 3032 1645 3097; x_wconf 90' lang='lat' dir='ltr'><strong>Illas</strong></span> <span class='ocrx_word' id='word_1_185' title='bbox 1708 3031 1878 3096; x_wconf 92' lang='lat' dir='ltr'><strong>enim</strong></span> <span class='ocrx_word' id='word_1_186' title='bbox 1932 3052 2245 3115; x_wconf 86' lang='lat' dir='ltr'><strong>personas</strong></span> <span class='ocrx_word' id='word_1_187' title='bbox 2300 3051 2432 3095; x_wconf 89' lang='lat' dir='ltr'><strong>non</strong></span> <span class='ocrx_word' id='word_1_188' title='bbox 2476 3053 2611 3096; x_wconf 88' lang='lat' dir='ltr'><strong>nna</strong></span> <span class='ocrx_word' id='word_1_189' title='bbox 2652 3025 2726 3096; x_wconf 59' lang='lat' dir='ltr'><strong>in&#39;</strong></span> 
     </span>
     <span class='ocr_line' id='line_1_25' title="bbox 479 3141 2718 3226; baseline 0.003 -25"><span class='ocrx_word' id='word_1_190' title='bbox 479 3158 778 3204; x_wconf 89' lang='lat' dir='ltr'><strong>scaenam</strong></span> <span class='ocrx_word' id='word_1_191' title='bbox 831 3141 1091 3222; x_wconf 87' lang='lat' dir='ltr'><strong>prodire</strong></span> <span class='ocrx_word' id='word_1_192' title='bbox 1151 3142 1472 3226; x_wconf 84' lang='lat' dir='ltr'><strong>potuisse,</strong></span> <span class='ocrx_word' id='word_1_193' title='bbox 1533 3142 1709 3225; x_wconf 92' lang='lat' dir='ltr'><strong>quod</strong></span> <span class='ocrx_word' id='word_1_194' title='bbox 1767 3142 1848 3206; x_wconf 94' lang='lat' dir='ltr'><strong>ab</strong></span> <span class='ocrx_word' id='word_1_195' title='bbox 1907 3164 2036 3206; x_wconf 90' lang='lat' dir='ltr'><strong>uno</strong></span> <span class='ocrx_word' id='word_1_196' title='bbox 2098 3147 2317 3207; x_wconf 88' lang='lat' dir='ltr'><strong>actore</strong></span> <span class='ocrx_word' id='word_1_197' title='bbox 2376 3147 2718 3225; x_wconf 88' lang='lat' dir='ltr'><strong>susceptae</strong></span> 
     </span>
     <span class='ocr_line' id='line_1_26' title="bbox 475 3248 2718 3337; baseline 0.001 -24"><span class='ocrx_word' id='word_1_198' title='bbox 475 3248 772 3313; x_wconf 87' lang='lat' dir='ltr'><strong>fuissent.</strong></span> <span class='ocrx_word' id='word_1_199' title='bbox 873 3250 1049 3327; x_wconf 85' lang='lat' dir='ltr'><strong>Quae</strong></span> <span class='ocrx_word' id='word_1_200' title='bbox 1108 3252 1619 3337; x_wconf 83' lang='lat' dir='ltr'><strong>argumentati0‚</strong></span> <span class='ocrx_word' id='word_1_201' title='bbox 1690 3259 1766 3317; x_wconf 91' lang='lat' dir='ltr'><strong>ut</strong></span> <span class='ocrx_word' id='word_1_202' title='bbox 1825 3258 2001 3316; x_wconf 89' lang='lat' dir='ltr'><strong>recte</strong></span> <span class='ocrx_word' id='word_1_203' title='bbox 2070 3251 2321 3318; x_wconf 89' lang='lat' dir='ltr'><strong>monuit</strong></span> <span class='ocrx_word' id='word_1_204' title='bbox 2377 3250 2718 3334; x_wconf 85' lang='lat' dir='ltr'><strong>Steffenus‚</strong></span> 
     </span>
     <span class='ocr_line' id='line_1_27' title="bbox 475 3359 2721 3446; baseline 0.002 -23"><span class='ocrx_word' id='word_1_205' title='bbox 475 3359 605 3424; x_wconf 89' lang='lat' dir='ltr'><strong>iam</strong></span> <span class='ocrx_word' id='word_1_206' title='bbox 649 3381 724 3426; x_wconf 94' lang='lat' dir='ltr'><strong>eo</strong></span> <span class='ocrx_word' id='word_1_207' title='bbox 773 3359 1049 3427; x_wconf 88' lang='lat' dir='ltr'><strong>refutari</strong></span> <span class='ocrx_word' id='word_1_208' title='bbox 1092 3368 1332 3445; x_wconf 79' lang='lat' dir='ltr'><strong>potest,</strong></span> <span class='ocrx_word' id='word_1_209' title='bbox 1378 3361 1552 3446; x_wconf 90' lang='lat' dir='ltr'><strong>quod</strong></span> <span class='ocrx_word' id='word_1_210' title='bbox 1597 3383 1677 3426; x_wconf 86' lang='lat' dir='ltr'><strong>ex</strong></span> <span class='ocrx_word' id='word_1_211' title='bbox 1728 3362 1967 3429; x_wconf 83' lang='lat' dir='ltr'><strong>fabulis</strong></span> <span class='ocrx_word' id='word_1_212' title='bbox 2014 3360 2279 3427; x_wconf 89' lang='lat' dir='ltr'><strong>Graecis</strong></span> <span class='ocrx_word' id='word_1_213' title='bbox 2323 3368 2553 3446; x_wconf 88' lang='lat' dir='ltr'><strong>poetae</strong></span> <span class='ocrx_word' id='word_1_214' title='bbox 2597 3362 2721 3427; x_wconf 91' lang='lat' dir='ltr'><strong>Ro-</strong></span> 
     </span>
     <span class='ocr_line' id='line_1_28' title="bbox 471 3471 2719 3558; baseline 0.003 -25"><span class='ocrx_word' id='word_1_215' title='bbox 471 3471 647 3535; x_wconf 89' lang='lat' dir='ltr'><strong>mani</strong></span> <span class='ocrx_word' id='word_1_216' title='bbox 692 3491 842 3536; x_wconf 89' lang='lat' dir='ltr'><strong>suas</strong></span> <span class='ocrx_word' id='word_1_217' title='bbox 886 3471 1140 3538; x_wconf 87' lang='lat' dir='ltr'><strong>fabulas</strong></span> <span class='ocrx_word' id='word_1_218' title='bbox 1187 3473 1514 3558; x_wconf 88' lang='lat' dir='ltr'><strong>fecerunt,</strong></span> <span class='ocrx_word' id='word_1_219' title='bbox 1578 3494 1709 3555; x_wconf 89' lang='lat' dir='ltr'><strong>qua</strong></span> <span class='ocrx_word' id='word_1_220' title='bbox 1752 3474 1820 3538; x_wconf 92' lang='lat' dir='ltr'><strong>in</strong></span> <span class='ocrx_word' id='word_1_221' title='bbox 1865 3493 1935 3536; x_wconf 91' lang='lat' dir='ltr'><strong>re</strong></span> <span class='ocrx_word' id='word_1_222' title='bbox 1979 3494 2111 3537; x_wconf 92' lang='lat' dir='ltr'><strong>non</strong></span> <span class='ocrx_word' id='word_1_223' title='bbox 2156 3478 2291 3537; x_wconf 90' lang='lat' dir='ltr'><strong>tam</strong></span> <span class='ocrx_word' id='word_1_224' title='bbox 2334 3473 2539 3538; x_wconf 91' lang='lat' dir='ltr'><strong>libere</strong></span> <span class='ocrx_word' id='word_1_225' title='bbox 2582 3496 2719 3539; x_wconf 84' lang='lat' dir='ltr'><strong>ver-</strong></span> 
     </span>
     <span class='ocr_line' id='line_1_29' title="bbox 474 3580 2719 3667; baseline 0.003 -24"><span class='ocrx_word' id='word_1_226' title='bbox 474 3581 601 3644; x_wconf 90' lang='lat' dir='ltr'><strong>sati</strong></span> <span class='ocrx_word' id='word_1_227' title='bbox 644 3601 784 3645; x_wconf 89' lang='lat' dir='ltr'><strong>esse</strong></span> <span class='ocrx_word' id='word_1_228' title='bbox 826 3580 1146 3665; x_wconf 83' lang='lat' dir='ltr'><strong>videntur,</strong></span> <span class='ocrx_word' id='word_1_229' title='bbox 1191 3588 1268 3647; x_wconf 90' lang='lat' dir='ltr'><strong>ut</strong></span> <span class='ocrx_word' id='word_1_230' title='bbox 1311 3583 1573 3648; x_wconf 88' lang='lat' dir='ltr'><strong>illarum</strong></span> <span class='ocrx_word' id='word_1_231' title='bbox 1597 3590 2052 3666; x_wconf 83' lang='lat' dir='ltr'><strong>argumentum</strong></span> <span class='ocrx_word' id='word_1_232' title='bbox 2098 3591 2159 3650; x_wconf 90' lang='lat' dir='ltr'><strong>et</strong></span> <span class='ocrx_word' id='word_1_233' title='bbox 2186 3581 2719 3667; x_wconf 80' lang='lat' dir='ltr'><strong>compositionem</strong></span> 
     </span>
     <span class='ocr_line' id='line_1_30' title="bbox 473 3689 2718 3778; baseline 0.003 -25"><span class='ocrx_word' id='word_1_234' title='bbox 473 3689 613 3754; x_wconf 88' lang='lat' dir='ltr'><strong>sine</strong></span> <span class='ocrx_word' id='word_1_235' title='bbox 654 3690 788 3756; x_wconf 92' lang='lat' dir='ltr'><strong>ulla</strong></span> <span class='ocrx_word' id='word_1_236' title='bbox 831 3712 1030 3760; x_wconf 90' lang='lat' dir='ltr'><strong>causa</strong></span> <span class='ocrx_word' id='word_1_237' title='bbox 1059 3698 1409 3758; x_wconf 90' lang='lat' dir='ltr'><strong>mutarent.</strong></span> <span class='ocrx_word' id='word_1_238' title='bbox 1497 3696 1572 3759; x_wconf 92' lang='lat' dir='ltr'><strong>In</strong></span> <span class='ocrx_word' id='word_1_239' title='bbox 1619 3692 1860 3759; x_wconf 88' lang='lat' dir='ltr'><strong>fabulis</strong></span> <span class='ocrx_word' id='word_1_240' title='bbox 1905 3694 2108 3778; x_wconf 88' lang='lat' dir='ltr'><strong>igitur</strong></span> <span class='ocrx_word' id='word_1_241' title='bbox 2139 3692 2405 3758; x_wconf 87' lang='lat' dir='ltr'><strong>Graecis</strong></span> <span class='ocrx_word' id='word_1_242' title='bbox 2450 3717 2718 3760; x_wconf 91' lang='lat' dir='ltr'><strong>numero</strong></span> 
     </span>
     <span class='ocr_line' id='line_1_31' title="bbox 473 3802 2718 3887; baseline 0.003 -25"><span class='ocrx_word' id='word_1_243' title='bbox 473 3805 765 3865; x_wconf 84' lang='lat' dir='ltr'><strong>actorum</strong></span> <span class='ocrx_word' id='word_1_244' title='bbox 820 3809 886 3867; x_wconf 93' lang='lat' dir='ltr'><strong>et</strong></span> <span class='ocrx_word' id='word_1_245' title='bbox 948 3822 1376 3885; x_wconf 90' lang='lat' dir='ltr'><strong>personarum</strong></span> <span class='ocrx_word' id='word_1_246' title='bbox 1449 3802 1909 3869; x_wconf 84' lang='lat' dir='ltr'><strong>distributione</strong></span> <span class='ocrx_word' id='word_1_247' title='bbox 1968 3810 2228 3870; x_wconf 90' lang='lat' dir='ltr'><strong>coactos</strong></span> <span class='ocrx_word' id='word_1_248' title='bbox 2287 3806 2515 3887; x_wconf 76' lang='lat' dir='ltr'><strong>poetas</strong></span> <span class='ocrx_word' id='word_1_249' title='bbox 2570 3804 2718 3869; x_wconf 91' lang='lat' dir='ltr'><strong>illas</strong></span> 
     </span>
     <span class='ocr_line' id='line_1_32' title="bbox 472 3911 2718 3995; baseline 0.003 -23"><span class='ocrx_word' id='word_1_250' title='bbox 472 3929 736 3975; x_wconf 90' lang='lat' dir='ltr'><strong>scaenas</strong></span> <span class='ocrx_word' id='word_1_251' title='bbox 783 3912 1079 3976; x_wconf 92' lang='lat' dir='ltr'><strong>omisisse</strong></span> <span class='ocrx_word' id='word_1_252' title='bbox 1125 3911 1470 3977; x_wconf 82' lang='lat' dir='ltr'><strong>concedis?</strong></span> <span class='ocrx_word' id='word_1_253' title='bbox 1526 3911 1725 3977; x_wconf 90' lang='lat' dir='ltr'><strong>Nullo</strong></span> <span class='ocrx_word' id='word_1_254' title='bbox 1771 3914 1981 3995; x_wconf 83' lang='lat' dir='ltr'><strong>modo,</strong></span> <span class='ocrx_word' id='word_1_255' title='bbox 2027 3935 2179 3977; x_wconf 91' lang='lat' dir='ltr'><strong>nam</strong></span> <span class='ocrx_word' id='word_1_256' title='bbox 2222 3919 2298 3977; x_wconf 93' lang='lat' dir='ltr'><strong>ut</strong></span> <span class='ocrx_word' id='word_1_257' title='bbox 2341 3917 2593 3977; x_wconf 88' lang='lat' dir='ltr'><strong>taceam</strong></span> <span class='ocrx_word' id='word_1_258' title='bbox 2637 3912 2718 3978; x_wconf 91' lang='lat' dir='ltr'><strong>de</strong></span> 
     </span>
     <span class='ocr_line' id='line_1_33' title="bbox 471 4018 2717 4106; baseline 0.003 -24"><span class='ocrx_word' id='word_1_259' title='bbox 471 4018 900 4103; x_wconf 89' lang='lat' dir='ltr'><strong>ambiguitate</strong></span> <span class='ocrx_word' id='word_1_260' title='bbox 946 4022 1181 4087; x_wconf 90' lang='lat' dir='ltr'><strong>talium</strong></span> <span class='ocrx_word' id='word_1_261' title='bbox 1224 4043 1471 4105; x_wconf 89' lang='lat' dir='ltr'><strong>rerum,</strong></span> <span class='ocrx_word' id='word_1_262' title='bbox 1535 4043 1705 4106; x_wconf 89' lang='lat' dir='ltr'><strong>quae</strong></span> <span class='ocrx_word' id='word_1_263' title='bbox 1748 4023 1817 4086; x_wconf 92' lang='lat' dir='ltr'><strong>in</strong></span> <span class='ocrx_word' id='word_1_264' title='bbox 1862 4027 2126 4105; x_wconf 86' lang='lat' dir='ltr'><strong>gustatu</strong></span> <span class='ocrx_word' id='word_1_265' title='bbox 2154 4021 2504 4087; x_wconf 72' lang='lat' dir='ltr'><strong>‘hominum</strong></span> <span class='ocrx_word' id='word_1_266' title='bbox 2548 4023 2717 4106; x_wconf 87' lang='lat' dir='ltr'><strong>posi-</strong></span> 
     </span>
    </p>
   </div>
   <div class='ocr_carea' id='block_1_3' title="bbox 581 4186 1250 4347">
    <p class='ocr_par' dir='ltr' id='par_1_3' title="bbox 581 4186 1150 4347">
     <span class='ocr_line' id='line_1_34' title="bbox 608 4186 1072 4258; baseline 0.009 -19"><span class='ocrx_word' id='word_1_267' title='bbox 608 4186 872 4251; x_wconf 81' lang='grc'><strong>*)1.8.8</strong></span> <span class='ocrx_word' id='word_1_268' title='bbox 848 4192 1072 4258; x_wconf 87' lang='lat' dir='ltr'><strong>s...p8</strong></span> 
     </span>
     <span class='ocr_line' id='line_1_35' title="bbox 581 4267 1250 4347; baseline 0.009 -23"><span class='ocrx_word' id='word_1_269' title='bbox 581 4267 879 4340; x_wconf 70' lang='lat' dir='ltr'><strong>‘*)l.s.s</strong></span> <span class='ocrx_word' id='word_1_270' title='bbox 853 4275 1250 4347; x_wconf 64' lang='grc'><strong>89,1491.</strong></span> 
     </span>
    </p>
   </div>
  </div>
 </body>
</html>
