3192 4967
1358 458 1783 521 ...12—

464 624 682 708 opinio
727 630 973 689 sextam
1014 623 1234 708 fuisse,
1277 627 1440 692 nata
1483 627 1590 709 sit,
1636 623 1827 692 facile
1847 627 2270 712 intellegitur,
2313 648 2462 693 nam
2484 629 2696 695 didas-

456 735 624 799 calia
672 754 823 799 eam
880 734 966 799 ad
1021 754 1265 799 annum
1307 735 1435 800 594
1477 735 1832 822 referebat,
1896 759 2025 821 quo
2068 743 2359 823 tempore
2401 738 2694 823 reliquae

447 844 789 910 Terentiae
832 844 1202 909 comoediae
1244 845 1374 909 iam
1418 851 1605 912 actae
1649 852 1865 912 erant:
1888 845 2141 914 'contra
2180 849 2236 913 si
2279 853 2464 914 sexta
2499 854 2691 926 esset,

446 956 626 1021 nullo
670 953 863 1020 modo
908 954 1182 1037 cogitari
1224 943 1465 1039 potest,
1511 977 1682 1040 quae
1726 956 2147 1023 dissensionis
2192 977 2388 1023 causa
2429 958 2693 1025 fuerit.“

452 1104 538 1116 —
582 1064 769 1142 Quod
824 1070 1276 1147 argumentum
1332 1066 1464 1130 iam
1517 1089 1592 1133 eo
1638 1066 1927 1132 refutare
1969 1089 2312 1152 possumus
2330 1118 2350 1152 ,
2408 1073 2484 1133 ut
2527 1068 2683 1134 Wil-

446 1174 815 1240 mannsium
844 1173 1228 1239 didascalias
1272 1183 1524 1243 nostras
1554 1176 1873 1261 inspicere
1901 1176 2259 1261 iubeamus,
2302 1196 2454 1243 nam
2497 1178 2567 1242 in
2610 1179 2691 1244 iis

448 1285 684 1369 similis·
725 1285 1145 1350 commutatio
1188 1291 1257 1349 et
1299 1286 1592 1351 confusio
1638 1287 1818 1354 13013
1860 1293 1971 1353 081.
2056 1288 2133 1352 In
2174 1287 2476 1352 Eunuchi
2520 1289 2692 1353 enim

449 1394 840 1475 didascalia,
900 1413 1294 1476 quamquam
1352 1395 1524 1460 hanc
1583 1394 1871 1462 fabulam
1922 1417 1979 1461 3.
2023 1395 2149 1461 593
2206 1395 2457 1462 duobus
2503 1398 2690 1476 3111118

446 1510 594 1588 post
647 1502 1391 1570 Hautontimorumenon
1460 1511 1674 1571 actam
1745 1528 1884 1573 esse
1943 1530 2023 1572 ex
2090 1508 2422 1572 consulum
2489 1512 2689 1578 nomi-

449 1613 641 1679 nibus
686 1605 986 1697 cognosci
1030 1619 1264 1697 potest,
1307 1599 1523 1680 tam'en
1557 1636 1896 1684 numerum
1918 1616 2270 1682 secundum
2292 1597 2712 1699 invenimus}

449 1730 516 1788 et
556 1723 1294 1789 Hautontimorumenon
1352 1724 1518 1791 falso
1573 1725 1928 1793 didascalia
1984 1727 2251 1792 tertiam
2301 1724 2502 1792 fuisse
2545 1748 2691 1812 pro-

430 1813 562 1900 *dit
651 1833 777 1899 Sed
822 1833 1087 1918 accedit,
1147 1842 1336 1918 quod,
1397 1836 1452 1900 si
1495 1857 1577 1901 ex
1620 1857 1718 1919 eo,
1763 1836 2086 1921 quomodo
2131 1839 2359 1921 poetae
2402 1842 2469 1901 et
2511 1836 2691 1901 fabu-

447 1945 550 2008 lae
592 1945 858 2009 nomina
900 1943 1212 2010 collocata
1255 1952 1471 2030 013111,
1544 1947 1837 2012 ordinem
1881 1945 2249 2012 fabularum
2294 1946 2689 2011 constituen-

449 2054 601 2119 dum
644 2060 1067 2137 susceperunt
1108 2057 1543 2141 grammatici,
1602 2056 1917 2142 Adelphis
1969 2075 2100 2122 non
2157 2056 2286 2121 nisi
2341 2055 2695 2121 secundum

447 2164 661 2229 locum
714 2163 1003 2229 tribuere
1059 2170 1449 2250 potuerunt,
1513 2188 1657 2232 cum
1712 2168 1781 2231 in
1825 2166 2141 2233 Eunucho
2184 2169 2413 2250 poetae
2456 2186 2693 2230 nomen

447 2275 577 2339 iam
622 2280 776 2341 ante
820 2274 1078 2339 fabulae
1122 2276 1509 2341 collocatum
1551 2275 1783 2361 fuisse,
1842 2280 2089 2360 apertis
2133 2276 2346 2342 verbis
2391 2276 2688 2340 Donatus

452 2391 694 2450 narret.
756 2384 1108 2450 Praeterea
1151 2391 1372 2452 autem
1415 2385 1653 2452 fabulis
1699 2388 1925 2452 ordine
1970 2385 2403 2469 alphabetico,
2447 2383 2502 2447 si
2524 2383 2695 2447 10010
2759 2407 2796 2435 .-

449 2497 882 2579 argumentati
927 2516 1169 2579 811111118,
1211 2496 1569 2579 0011003118,
1615 2496 1788 2560 010(11
1817 2499 2062 2579 potest,
2093 2498 2191 2558 uti
2223 2495 2356 2560 iam
2389 2493 2691 2575 diximus,

456 2605 784 2672 Donatum
841 2612 904 2670 et
961 2606 1128 2670 alios
1187 2606 1643 2688 grammaticos
1698 2605 1872 2669 hunc
1942 2604 2233 2669 ordinem
2293 2602 2377 2667 ad
2437 2608 2693 2686 tempus

452 2721 747 2799 spectare
808 2720 1105 2799 putasse,
1180 2696 1564 2798 praesertim
1623 2737 1767 2779 cum
1825 2715 2065 2799 optime
2119 2714 2493 2777 conveniret
2549 2731 2694 2775 cum

453 2824 568 2888 illa
625 2823 920 2889 doctrina
977 2823 1056 2887 de
1116 2828 1458 2908 poetarum
1516 2831 1578 2890 ct
1634 2823 2005 2914 fabularum
2069 2821 2439 2889 nominibus
2498 2822 2691 2887 collo·
2794 2833 2807 2914 J

457 2929 699 2999 caudis.

622 3043 780 3109 Cum
824 3044 1027 3127 igitur
1070 3044 1195 3110 1100
1247 3049 1701 3128 argumentum
1745 3067 1861 3112 nos
1906 3046 2069 3111 satis
2112 3042 2432 3109 refutasse
2477 3039 2694 3106 creda·
2777 3027 2780 3028 ⁷

450 3176 616 3238 111118,
659 3154 1013 3239 videamus,
1059 3155 1219 3238 quid
1262 3154 1342 3219 de
1386 3155 1667 3220 secundo
1707 3154 2125 3220 iudicandum
2168 3154 2283 3232 sit.
2361 3150 2692 3237 Adelphos

453 3267 652 3349 enim,
713 3287 944 3330 novam
1003 3263 1289 3331 fabulam
1335 3267 1512 3332 intra
1556 3287 1779 3332 novem
1824 3265 1992 3349 dies,
2048 3265 2161 3348 qui
2204 3263 2696 3328 intercedebant

451 3376 624 3440 inter
664 3383 933 3441 mortem
977 3378 1047 3441 L.
1098 3376 1352 3442 Aemilii
1380 3376 1571 3440 ‘Pauli
1617 3382 1683 3442 et
1725 3374 1914 3440 ludos
1945 3373 2269 3468 funebreS,
2316 3395 2447 3439 non
2492 3369 2692 3438 edisci

453 3491 521 3549 et
547 3487 831 3549 exerceri
848 3486 1166 3568 potuisse,
1189 3486 1588 3552 contendunt
1611 3483 2137 3568 Wilmannsius*)
2171 3489 2237 3548 et
2265 3480 2697 3572 Dziatzko**)‚

455 3597 872 3680 praesertim,
933 3617 1078 3660 011111
1137 3596 1335 3660 0113111
1377 3596 1632 3679 Hecyra
1687 3597 1924 3660 iterum
1982 3592 2339 3658 exercenda
2381 3596 2568 3655 esset.
2617 3610 2697 3640 -·-

454 3704 805 3790 Complura
877 3712 1109 3772 contra
1175 3704 1347 3770 113110
1429 3705 2055 3788 argumentationem
2116 3700 2335 3767 afferri
2404 3704 2695 3786 possunt.

450 3818 739 3881 Primum
809 3816 919 3879 vix
989 3815 1337 3879 verisimile
1419 3819 1554 3898 est,
1636 3816 1710 3879 L.
1784 3813 2043 3878 Aemilii
2114 3814 2299 3878 Pauli
2385 3811 2553 3876 filios
2624 3810 2693 3873 in

454 3926 625 3991 ludis
669 3923 1050 3990 funebribus
1094 3924 1307 4009 patris
1348 3924 1513 3991 duas
1557 3923 1812 3989 fabulas
1854 3923 2140 4007 agendas
2187 3941 2477 4004 curasse,
2539 3939 2693 4002 qua-

453 4058 596 4100 rum
641 4036 847 4105 altera
889 4036 1019 4100 iam
1063 4041 1294 4100 exacta
1346 4036 1559 4101 altera
1602 4040 1821 4100 autem
1863 4055 1996 4098 non
2039 4054 2209 4099 nova
2252 4034 2439 4096 esset.
2527 4028 2695 4098 Nam
2733 4053 2738 4059 ’
2797 4041 2804 4047 “

589 4203 638 4267 “)
672 4202 709 4258 l.
749 4221 791 4256 s.
830 4220 878 4257 s.
916 4221 972 4273 p.
1010 4207 1094 4258 50.

575 4285 648 4352 ”J
683 4287 826 4340 Mus.
865 4283 1044 4341 Rhen.
1082 4286 1171 4341 vol
1206 4286 1344 4341 XXI
1377 4298 1433 4357 p.
1474 4287 1558 4341 79.
