3192 4967
1395 451 1822 518 ...20-

483 619 808 688 Romanos
854 627 1056 706 atque
1099 624 1276 707 apud
1305 622 1607 690 Graecos.
1675 624 1950 689 Romani
1995 645 2127 689 non
2170 623 2502 690 habebant
2537 646 2731 712 χορη-

485 731 717 806 τικούς
763 729 1091 816 τρίποδας
1134 740 1209 799 ut
1253 733 1504 817 Graeci,
1551 734 1790 817 quibus
1836 734 2101 800 nomina
2144 734 2536 818 fabularum,
2582 738 2731 819 poe-

485 848 724 926 tarum,
782 848 1075 908 actorum
1121 849 1188 908 et
1231 850 1481 910 ceteras
1526 866 1653 929 res,
1717 865 1881 928 quae
1929 844 1996 909 in
2044 845 2417 911 didascaliis
2461 866 2732 911 comme-

484 952 728 1017 morari
783 952 1114 1037 solebant,
1181 955 1642 1038 inscriberent,
1707 961 1773 1018 et
1834 974 1920 1017 ex
1970 953 2203 1037 quibus
2261 954 2731 1038 posterioribus

484 1062 888 1149 temporibus
944 1064 1026 1147 ii,
1086 1065 1199 1146 qui
1262 1064 1730 1148 antiquitateS‚
1791 1085 1956 1146 quae
2019 1064 2358 1149 dicuntur,
2420 1065 2732 1149 indagare

483 1172 911 1254 studuerunt,
972 1174 1406 1257 cognitionem
1451 1172 1714 1238 haurire
1760 1175 2144 1258 potuissent.
2233 1175 2466 1259 Itaque
2511 1195 2732 1258 quam-

485 1304 681 1366 quam
710 1284 1090 1365 Varronem,
1134 1283 1392 1347 Aelium
1436 1283 1748 1349 Stilonem
1793 1290 1860 1348 et
1902 1284 2016 1367 qui
2061 1291 2324 1368 praeter
2366 1283 2486 1348 hos
2534 1305 2734 1368 opera

485 1394 879 1459 didascalica
921 1394 1479 1476 conscripserunt,
1524 1396 2014 1460 commentarios
2059 1395 2556 1478 magistratuum
2600 1396 2733 1459 sive

484 1505 749 1568 annales
808 1503 1122 1567 maximas
1194 1505 1263 1568 in
1324 1503 1629 1587 operibus
1703 1505 1836 1569 suis
1903 1505 2313 1571 conficiendis
2374 1505 2732 1589 inspexisse

484 1614 712 1695 credo,
776 1621 994 1677 tamen
1055 1635 1277 1679 omnes
1335 1613 1839 1679 didascaliarum
1896 1621 2120 1697 partes
2164 1618 2233 1680 in
2277 1617 2357 1680 iis
2403 1616 2731 1680 exstitisse

484 1723 646 1788 mihi
676 1713 1072 1806 persuadere
1117 1746 1247 1788 non
1290 1746 1574 1810 possum.
1644 1722 1833 1788 Credi
1878 1731 2094 1806 potest
2136 1731 2221 1808 et,
2268 1746 2413 1790 cum
2458 1745 2731 1789 omnes

480 1832 620 1898 ludi
666 1834 1020 1899 arctissime
1067 1834 1490 1899 cohaererent
1534 1854 1680 1896 cum
1726 1834 1906 1897 cultu
1950 1833 2219 1899 deorum
2276 1835 2372 1898 rei
2412 1834 2731 1918 publicae,

482 1943 672 2009 valde
716 1945 1061 2009 verisimile
1120 1950 1253 2026 est,
1331 1946 1398 2007 in
1454 1943 1795 2007 annalibus
1854 1943 2013 2022 illis,
2080 1944 2149 2008 in
2208 1943 2441 2027 quibus
2500 1964 2728 2027 „prae-

483 2054 743 2137 scriptis
804 2053 1138 2119 consulum
1196 2053 1566 2120 nominibus
1628 2053 1826 2137 digna
1896 2059 2259 2118 memoratu
2329 2052 2502 2117 domi
2562 2051 2729 2117 mili-

482 2165 739 2246 tiaeque
814 2169 994 2230 terra
1047 2165 1343 2246 marique
1404 2170 1589 2248 gesta
1662 2183 1780 2246 per
1846 2162 2137 2246 singulos
2198 2162 2451 2247 dies“*)
2512 2162 2731 2227 notari

483 2273 799 2356 solebant,
844 2274 1033 2339 ludos
1078 2294 1430 2356 eorumque
1474 2280 1772 2338 auctores·
1797 2323 1812 2352 ‚
1865 2271 2232 2338 fabularum
2279 2280 2346 2339 et
2388 2275 2728 2357 poetarum

482 2384 748 2448 nomina
792 2391 1288 2450 commemorata
1331 2383 1566 2468 fuisse,
1630 2387 1826 2450 etiam
1869 2383 1938 2446 in
1983 2383 2155 2447 ludis
2202 2382 2583 2448 funebribus
2601 2386 2727 2467 *ὓς

482 2493 595 2559 sed
641 2501 937 2561 actorum
981 2494 1246 2559 nomina
1288 2495 1591 2578 eiusque,
1640 2494 1751 2577 qui
1795 2493 2021 2558 modos
2065 2492 2348 2577 fecerat,
2394 2498 2459 2557 et
2501 2493 2727 2559 modos

482 2606 759 2669 musicos
804 2606 978 2687 ipsos
1018 2625 1097 2668 ex
1136 2602 1525 2670 histrionum
1569 2603 2049 2687 exemplaribus
2094 2602 2240 2668 illos
2271 2604 2726 2687 grammaticos

482 2712 820 2796 collegisse
866 2720 932 2778 et
976 2715 1339 2799 exemplum
1386 2713 1704 2779 Graecum
1764 2719 1830 2778 et
1871 2733 2209 2780 numerum
2253 2711 2511 2777 fabulae
2555 2713 2728 2776 inter

481 2822 735 2888 fabulas
782 2825 1068 2894 eiusdem
1109 2828 1345 2909 poe'tae
1391 2845 1471 2888 ex
1513 2824 1647 2889 suis
1693 2823 1928 2889 studiis
1974 2822 2299 2887 addidisse
2343 2822 2619 2887 credam.

651 2934 780 2999 Sed
822 2955 923 2999 me
966 2935 1096 2999 iam
1140 2936 1333 2999 nimis
1379 2956 1419 2998 a
1461 2955 1531 2998 re
1566 2935 1902 3019 proposita
1928 2933 2262 2997 aberrasse
2285 2915 2491 3015 video,
2524 2952 2725 3015 quare

481 3048 583 3128 ut,
631 3044 804 3125 quod
850 3064 1049 3127 supra
1094 3045 1261 3127 dixi,
1307 3064 1438 3108 non
1485 3045 1704 3109 omnia
1747 3042 2142 3108 Graecorum
2184 3042 2494 3107 instituta
2538 3041 2726 3107 simul

481 3173 626 3218 cum
670 3152 910 3219 fabulis
956 3156 1041 3219 ad
1082 3156 1407 3220 Romanos
1453 3153 1774 3218 translata
1804 3174 1964 3237 esse,
1995 3152 2349 3235 ostendam,
2381 3174 2585 3217 unum
2613 3153 2722 3217 ad-

481 3262 609 3327 huc
686 3266 1049 3349 exemplum
1116 3265 1398 3329 afferam.
1500 3263 1821 3330 Personas
1892 3265 2156 3343 (larvas)
2216 3262 2423 3346 enim,
2488 3261 2725 3344 quibus

483 3373 714 3439 Graeci
773 3396 848 3441 eo
893 3382 1206 3458 tempore,
1252 3396 1381 3459 quo
1425 3374 1647 3439 Livius
1692 3373 2099 3439 Andronicus
2146 3373 2425 3438 Graecas
2468 3368 2723 3433 fabulas

480 3484 551 3547 in
604 3483 894 3568 linguam
938 3485 1245 3552 Latinam
1289 3491 1540 3550 vertere
1597 3487 1842 3570 coepit,
1899 3505 2139 3569 magna
2193 3504 2336 3546 cum
2390 3483 2534 3547 arte
2584 3482 2722 3543 ute-

480 3592 723 3659 bantur
737 3581 776 3680 ,'
815 3596 1006 3661 initio
1067 3603 1242 3661 certe
1288 3617 1328 3660 a
1369 3596 1679 3661 Romanis
1723 3615 1854 3660 non
1899 3593 2228 3659 adhibitas
2272 3611 2445 3674 esse,
2505 3588 2723 3654 certis·

427 3731 431 3735 ·
487 3706 667 3770 simis
713 3714 999 3772 veterum
1057 3706 1450 3772 testimoniis
1496 3707 1808 3770 traditum
1867 3711 1962 3769 est
2064 3702 2309 3768 Eodem
2364 3700 2591 3784 mod0‚
2650 3705 2725 3765 ut

480 3817 744 3881 tandem
805 3816 887 3881 ad
948 3819 1395 3902 quaestionem
1435 3815 1835 3901 propositam
1877 3815 2086 3899 ipsam
2129 3811 2416 3892 veniam,
2478 3829 2724 3875 morem

481 3927 847 4013 complures
905 3950 1219 4011 personas
1279 3928 1393 3993 uni
1451 3927 1661 3995 actori
1718 3924 2071 4008 tribuendi,
2116 3943 2260 3988 cum
2302 3921 2503 3985 fuerit
2547 3918 2725 4002 apud

614 4208 664 4277 ⁴⁸)
702 4207 850 4262 Serv.
889 4208 960 4261 ad
993 4209 1127 4261 Aen.
1167 4206 1215 4261 Ι.
1254 4205 1374 4262 377.

579 4291 655 4357 “J
692 4291 854 4350 Quod
887 4300 1220 4360 negaverunt
1236 4292 1626 4346 Wilmannsius
1650 4291 1688 4348 l.
1706 4308 1810 4349 sas,
1826 4309 1877 4361 p.
1896 4290 1962 4345 62
1990 4297 2044 4343 et
2055 4281 2319 4342 Steffenus
2344 4281 2381 4341 l.
2403 4301 2506 4344 ιε.
2527 4304 2578 4359 p.
2602 4286 2723 4345 151.
