3192 4967
1417 452 1801 517 -6-

489 625 650 709 sita,
708 645 933 689 rursus
978 623 1202 708 priora
1244 625 1587 707 poetarum
1630 620 1895 688 nomina
1936 620 2466 705 proferebantur,
2508 627 2582 688 ut
2622 640 2741 706 per

490 736 778 820 ipsorum
816 733 1137 799 vocabula
1174 732 1413 798 fabulis
1458 732 1737 798 attentio
1783 731 2295 814 acquireretur.“

656 846 1047 926 Priusquam
1092 843 1171 907 de
1216 848 1360 909 tota
1403 841 1528 906 hac
1568 842 1814 907 Donati
1857 841 2158 906 doctrina
2200 840 2510 925 dicamuS,
2553 840 2739 907 illum

489 956 703 1021 locum
758 955 956 1037 paulo
1016 954 1385 1021 accuratius
1443 957 1842 1037 spectemus,
1894 953 1966 1017 in
2008 971 2140 1035 quo
2181 957 2315 1018 tota
2356 952 2652 1034 quaestio
2700 972 2740 1015 a

490 1065 677 1131 nobis
733 1065 1042 1129 instituta
1096 1084 1225 1128 non
1297 1063 1559 1145 quidem
1618 1063 1880 1127 omnino
1939 1065 2267 1144 versatur,
2341 1060 2458 1126 sed
2511 1082 2552 1125 a
2607 1081 2736 1144 quo

491 1180 639 1241 orta
697 1180 764 1240 et
824 1172 1120 1257 profecta
1177 1177 1295 1238 est.
1397 1173 1686 1238 Primum
1748 1170 2240 1256 inquirendum,
2313 1193 2470 1238 num
2534 1172 2740 1237 maior

490 1284 651 1349 fides
709 1283 1016 1352 habenda
1076 1283 1161 1347 sit
1221 1284 1476 1348 Donato
1535 1303 1623 1347 an
1681 1280 2052 1350 didascaliis
2106 1283 2174 1347 in
2233 1280 2563 1347 codicibus
2609 1303 2739 1346 ser-

490 1396 675 1460 vatis,
763 1391 1072 1458 Dubitari
1113 1393 1379 1476 nequit,
1440 1393 1602 1476 quin
1646 1392 1906 1459 Donato
1952 1391 2279 1458 codicibus
2323 1393 2528 1458 multo
2572 1392 2738 1456 anti-

492 1502 850 1588 quioribus,
895 1502 1174 1568 fortasse
1219 1503 1416 1567 etiam
1459 1503 1674 1567 minus
1719 1503 2065 1586 corruptis,
2109 1503 2209 1568 uti
2232 1501 2505 1586 licuerit,
2542 1521 2738 1584 quam

491 1619 587 1679 est
628 1614 1033 1697 veterrimus,
1078 1613 1193 1695 qui
1238 1611 1324 1677 ad
1367 1619 1653 1680 nostram
1697 1617 1978 1676 aetatem
2013 1613 2327 1697 pervenit.
2386 1610 2737 1677 Bembinus

492 1723 683 1807 enim,
730 1743 1144 1808 quamquam,
1191 1742 1321 1804 qua
1366 1721 1453 1786 sit
1497 1722 1889 1788 auctoritate
1914 1723 1999 1787 ad
2030 1721 2285 1788 fabulas
2313 1722 2739 1787 Terentianas

491 1833 965 1917 emendandas,
1026 1838 1267 1916 quanto
1312 1838 1606 1916 praestet
1648 1833 1882 1896 ceteris
1936 1831 2264 1898 codicibus
2311 1832 2738 1915 TerentianiS,

490 1948 641 2028 post
684 1942 1025 2008 Ritschelii
1075 1941 1199 2027 „de
1244 1942 1697 2008 emendatione
1740 1941 2111 2007 fabularum
2154 1941 2739 2018 Terentianarum“

490 2054 1007 2119 dissertationem
1024 2053 1087 2140 ¹⁸²)
1157 2075 1198 2117 a
1254 2052 1508 2116 nemine
1567 2053 1944 2136 ignoratur,
2018 2057 2237 2118 tamen
2296 2052 2545 2118 duobus
2603 2051 2739 2117 fere

490 2163 764 2230 saeculis
807 2170 955 2247 post
997 2168 1269 2228 mortem
1294 2163 1539 2228 Donati
1562 2164 1968 2247 conscriptus
1997 2184 2137 2229 esse
2170 2161 2443 2230 videtur.
2503 2162 2736 2246 Quare,

494 2294 641 2338 cum
684 2273 973 2339 Donatus
1019 2277 1205 2339 tanto
1250 2273 1694 2357 veterioribuS,
1758 2279 1943 2338 tanto
1986 2272 2364 2338 melioribus
2409 2271 2737 2337 codicibus

490 2384 585 2450 uti
625 2384 929 2465 potuerit&
968 2403 1255 2466 ususque
1300 2379 1440 2449 e'sse
1483 2382 1817 2464 videatur,
1878 2383 1933 2447 si
1979 2383 2323 2466 diligenter
2362 2400 2586 2464 >neque
2645 2387 2737 2446 te-

489 2515 664 2559 mere
726 2514 873 2557 eum
932 2494 1139 2576 egisse
1198 2492 1455 2558 ostendi
1512 2498 1761 2577 potest,
1807 2491 2086 2557 fortasse
2130 2491 2324 2556 etiam
2370 2497 2739 2557 nostrorum

495 2605 787 2668 codicum
831 2604 1270 2669 auctoritatem
1315 2603 1454 2666 eius
1501 2602 1977 2667 commentariis
2021 2602 2538 2686 postponendam
2577 2622 2736 2687 esse,

492 2713 738 2796 optimo
783 2713 923 2776 iure
968 2712 1275 2778 contendi
1318 2716 1549 2797 potest.
1641 2712 1769 2777 Sed
1809 2717 1883 2775 ut
1927 2715 2180 2777 taceam
2223 2733 2394 2777 nunc
2439 2712 2518 2778 de
2556 2718 2737 2777 trun-

488 2826 638 2886 cata
680 2825 1117 2904 corruptaque
1155 2822 1531 2887 condicione
1562 2821 2172 2890 commentariorum
2216 2822 2474 2888 illorum
2494 2823 2738 2889 Donati

489 2936 556 2995 et
576 2930 944 3013 concedam,
966 2930 1201 3014 locum,
1247 2931 1325 2994 de
1354 2952 1483 3014 quo
1515 2931 1789 3014 agimus,
1808 2931 2011 3016 illam,
2046 2953 2241 3014 quam
2278 2932 2434 3017 dixi,
2469 2934 2739 2998 auctori-

492 3047 686 3107 tatem
731 3039 1007 3125 habere,
1067 3041 1360 3107 Donatus
1416 3039 1495 3105 de
1541 3062 1621 3106 ea
1663 3041 1804 3106 sola
1863 3044 2112 3107 actione
2155 3043 2484 3127 loquitur,
2543 3062 2738 3125 quam

496 3172 577 3216 ex
621 3150 993 3217 didascaliis
1038 3152 1354 3236 eruimuS,
1401 3152 1787 3236 eosdemque
1831 3151 2019 3217 ludos
2064 3159 2519 3218 commemorat
2562 3159 2627 3217 et
2670 3152 2740 3216 in

489 3261 618 3325 fine
665 3261 921 3327 demum
969 3261 1188 3327 addit:
1230 3262 1445 3346 „hanc
1479 3262 1707 3328 dicunt
1737 3263 2018 3329 secundo
2045 3262 2187 3328 loco
2220 3264 2495 3345 actam“,
2540 3262 2740 3328 nullis

395 3429 401 3436 .
491 3372 636 3436 aliis
681 3372 861 3456 ludis⁶
899 3372 1157 3457 additis,
1216 3373 1414 3440 nullis
1460 3373 1863 3458 consulibuS,
1924 3374 2123 3438 nullis
2170 3371 2501 3438 aedilibus.
2599 3372 2739 3438 Iam

492 3502 567 3547 eo
614 3478 856 3546 offendi
877 3501 1251 3566 possumus;
1297 3484 1411 3548 sed
1443 3485 1786 3567 quomodo,
1833 3504 2096 3567 quaeso,
2140 3483 2528 3574 sententiam
2558 3502 2741 3547 suam

493 3590 849 3677 eloquitur,
918 3594 1304 3676 comparatis
1360 3594 1507 3658 aliis
1561 3593 1739 3658 locis.
1827 3590 2097 3656 Scribit:
2170 3590 2382 3676 „hanc
2449 3591 2741 3685 dicunt

492 3703 775 3769 secundo
834 3705 973 3768 loco
1020 3703 1295 3768 actam“.
1380 3702 1458 3766 In
1518 3703 1743 3767 ceteris
1804 3703 1974 3768 enim
1999 3701 2538 3786 praefationibus
2581 3724 2741 3766 nun-

495 3835 693 3898 quam
751 3817 1028 3897 usurpat
1082 3812 1249 3878 illud
1305 3812 1621 3896 „dicunt“
1681 3812 1793 3879 sed
1850 3811 2057 3897 „haec
2099 3813 2328 3897 ,prima
2384 3816 2532 3876 acta
2576 3812 2737 3895 est“,

495 3926 701 4010 „haec
779 3923 959 3989 edita
1013 3922 1204 3989 tertia
1261 3923 1405 3988 est“
1458 3924 1559 3988 vel
1618 3922 1751 3987 tale
1809 3923 1968 4007 quid
2036 3923 2211 3988 dicit.
2268 3920 2738 3986 Tantummodo

495 4034 623 4100 duo
669 4040 926 4101 exstant
968 4034 1126 4118 loci,
1188 4035 1423 4118 quibus
1469 4034 1832 4099 sententiae
1892 4032 2131 4098 allatae
2174 4028 2495 4118 „dicitur²‘
2538 4029 2739 4096 addit.

631 4271 680 4336 ¹⁸⁸¹)
719 4270 874 4330 Quae
910 4271 1201 4343 praemissa
1234 4276 1316 4325 est
1349 4270 1509 4324 indici
1543 4269 1709 4325 schol.
1749 4267 2030 4324 Vratislav.
2068 4267 2276 4323 hibern.
2318 4285 2370 4322 a.
2411 4271 2559 4325 1838.
