3192 4967
1375 501 1795 568 ...43-

466 672 550 737 ad
613 672 1023 739 Phormionis
1090 693 1433 755 personam
1510 671 1997 756 significandam
2070 675 2436 753 usurpatur.
2542 666 2711 732 Nam

464 783 640 866 quod
681 784 749 847 in
794 782 876 867 11,
922 785 962 848 3
1007 784 1235 850 eadem
1273 785 1502 848 littera
1544 784 1675 846 iam
1724 782 1988 847 Cratino
2035 779 2354 862 asscripta
2396 785 2492 843 est
2509 826 2534 859 ,
2580 780 2710 844 alio

457 894 653 958 modo
700 894 1152 975 explicandum
1197 916 1335 959 esse
1379 893 1666 970 videtur,
1741 914 1885 957 cum
1941 890 2106 955 haec
2162 910 2443 972 persona
2487 909 2708 954 secun-

464 1003 633 1070 darii
678 1004 915 1067 actoris
963 1003 1194 1085 fuerit,
1241 1025 1403 1086 quos
1447 1004 1691 1068 ultimis
1740 1002 1985 1067 ordinis
2032 999 2430 1084 alphabetici
2471 999 2711 1064 litteris

316 1141 319 1142 ⁷
388 1199 399 1202 ν
463 1113 845 1197 plerumque
891 1113 1240 1196 significari
1284 1121 1456 1177 recte
1492 1112 1815 1202 Steffenus
1862 1111 2333 1176 animadvertit.
2408 1110 2711 1174 Potestne

467 1230 678 1289 autem
721 1215 929 1308 credij
963 1230 1247 1289 actorem
1295 1226 1362 1288 Γ
1396 1226 1615 1289 littera
1660 1222 2093 1305 significatum
2140 1226 2289 1304 post
2337 1218 2453 1301 ΙΙΙ,
2498 1220 2538 1283 3
2582 1240 2712 1283 non

467 1336 536 1398 in
583 1356 880 1400 scaenam
925 1335 1279 1417 prodiisse,
1325 1335 1423 1398 vel
1468 1339 1781 1415 actorem,
1814 1334 2010 1397 'cuius
2056 1335 2215 1395 nota
2272 1331 2331 1393 Y
2370 1328 2515 1411 fuit,
2562 1328 2714 1394 inde

469 1465 509 1508 a
550 1445 628 1527 V,
658 1444 699 1508 5
737 1446 991 1509 demum
1011 1444 1422 1508 Phormionis
1466 1449 1687 1525 partes
1734 1443 2113 1525 suscepisse,
2162 1440 2453 1523 quamvis
2487 1438 2713 1505 eadem

475 1575 756 1638 persona
799 1556 929 1618 iam
973 1555 1040 1617 in
1084 1553 1166 1638 II,
1214 1555 1254 1618 2
1299 1558 1365 1617 et
1407 1553 1522 1635 ΠΙ,
1569 1554 1609 1617 3
1653 1555 1721 1617 in
1767 1572 2063 1616 scaenam
2108 1550 2506 1633 prodiisset?

634 1664 830 1728 Nullo
876 1664 1066 1728 modo
1112 1662 1231 1729 has
1277 1662 1692 1728 difficultates
1738 1661 2030 1745 expediri
2074 1681 2265 1744 posse
2309 1658 2524 1751 credo,
2586 1659 2715 1723 nisi

473 1772 559 1837 ad
618 1774 905 1839 diversas
964 1773 1225 1837 illarum
1286 1773 1658 1838 fabularum
1712 1768 1995 1837 actiones
2040 1753 2293 1836 diverso
2338 1769 2528 1834 modo
2573 1788 2715 1852 per-

467 1904 658 1948 sonas
724 1885 896 1948 inter
948 1888 1200 1949 actores
1262 1884 1647 1948 distributas
1722 1881 1955 1964 fuisse,
2038 1880 2436 1945 diversarum
2497 1886 2715 1943 autem

422 1991 431 1997 ’
470 1992 1005 2058 distributionum
1047 1994 1325 2077 vestigia
1369 1994 1436 2057 in
1482 1992 1616 2057 illis
1660 1994 1834 2057 notis
1878 1996 2136 2056 exstare
2180 1988 2542 2055 statuimus.
2630 1988 2718 2053 Et

466 2122 732 2185 prorsus
777 2103 1181 2187 probabilem
1222 2105 1393 2168 hanc
1438 2105 1875 2168 coniecturam
1906 2122 2045 2166 esse
2076 2100 2265 2165 facile
2303 2100 2715 2180 concesseris,

468 2214 524 2276 si
567 2212 782 2278 varias
842 2218 910 2277 et
966 2232 1140 2278 nunc
1200 2213 1282 2276 ad
1326 2213 1497 2277 hanc
1541 2231 1711 2277 nunc
1764 2213 1848 2276 ad
1906 2211 2086 2276 illam
2130 2230 2473 2293 personam
2521 2211 2717 2274 susci-

468 2322 771 2407 piendam
835 2324 1122 2407 aptiores
1179 2343 1317 2388 esse
1376 2322 1709 2387 hominum
1767 2324 1867 2387 vel
1926 2320 2318 2386 histrionum
2376 2318 2718 2385 facultates

473 2437 537 2496 et
581 2432 834 2496 indoles
876 2434 1301 2516 reputaveris.
1390 2432 1604 2510 Quare
1650 2431 1808 2514 quid
1853 2431 2056 2510 totius
2085 2432 2178 2495 rei
2210 2425 2476 2495 naturae
2514 2431 2720 2513 magis

475 2543 803 2626 convenit,
872 2564 1065 2624 quam
1141 2549 1213 2607 ut
1282 2544 1615 2608 dominum
1672 2543 1882 2625 gregis
1894 2592 1913 2627 ‚
1986 2563 2169 2606 sua-m
2231 2545 2298 2603 et
2356 2546 2716 2605 ceterorum

475 2652 871 2717 histrionum
930 2651 1277 2717 facultates
1330 2652 1816 2736 respicientem,
1889 2652 2194 2734 quamvis.
2239 2650 2369 2714 iam
2431 2650 2720 2732 aliquam

475 2783 901 2846 personarum
966 2762 1495 2827 distributionem
1552 2763 1621 2825 in
1682 2760 2158 2844 exemplaribus
2204 2761 2337 2825 suis
2382 2759 2718 2843 inveniret,

470 2872 583 2936 sed
629 2892 761 2937 non
807 2873 1295 2936 convenientem
1342 2871 1737 2936 histrionum
1780 2893 2043 2935 suorum
2086 2868 2540 2953 facultatibuS‚
2586 2868 2718 2936 alio

477 2981 668 3047 modo
741 3003 883 3046 eas—
919 2981 1325 3046 distribuisse
1382 2981 1765 3051 credamus?
1868 2980 1982 3047 Sin
2042 2987 2261 3046 autem
2321 2980 2715 3043 diversarum

473 3091 994 3156 distributionum
1048 3097 1254 3157 notae
1310 3092 1607 3173 personis
1666 3093 1733 3156 in
1793 3090 2187 3155 histrionum
2237 3089 2720 3172 exemplaribus

473 3201 826 3283 asscriptae
871 3205 1082 3284 erant,
1127 3222 1324 3283 quam
1367 3201 1580 3282 facile,
1627 3201 1740 3282 qui
1776 3201 1961 3264 exiis
1991 3199 2248 3264 fabulas
2279 3198 2721 3264 describerent

474 3314 540 3373 et
596 3308 685 3387 in*
724 3332 926 3374 unum
971 3330 1204 3393 corpus
1250 3309 1665 3393 colligerent,
1727 3331 1943 3374 errare
1989 3310 2357 3392 potuerint,
2406 3314 2473 3373 et
2517 3328 2717 3390 quan-

473 3426 602 3485 tam
660 3419 1103 3485 confusionem
1161 3420 1320 3484 haec
1364 3441 1469 3485 res
1522 3418 1695 3484 effici
1740 3421 2063 3504 potuerit,
2122 3420 2186 3484 in
2235 3424 2463 3502 aperto
2509 3423 2610 3482 est
2652 3423 2718 3482 et

475 3531 635 3594 satis
681 3551 760 3593 ex
803 3530 1042 3594 litteris
1087 3523 1357 3595 servatis
1403 3530 1826 3613 cognoscitur.

642 3638 1031 3704 Coniectura
1082 3662 1227 3705 mea
1302 3647 1520 3704 autem
1580 3638 1999 3705 confirmatur
2057 3643 2123 3703 et
2183 3636 2267 3702 ad
2326 3637 2717 3702 evidentiam

469 3747 604 3811 fere
650 3747 1033 3830 perducitur
1075 3768 1495 3831 personarum
1552 3751 1721 3815 notis
1768 3749 1851 3812 ad
1886 3747 2206 3833 Hecyram
2250 3746 2716 3831 spectantibus

466 3856 544 3922 In
603 3856 796 3921 huius
856 3845 1051 3922 enim*
1085 3857 1343 3924 fabulae
1403 3860 1643 3923 litteris
1711 3859 1974 3924 Graecis
2034 3857 2444 3922 Victorianus
2516 3856 2717 3919 codex

472 3972 816 4050 tantopere
862 3966 1082 4032 differt
1125 3987 1167 4031 a
1208 3967 1542 4051 Bembino‚
1586 3974 1663 4033 ut
1708 3967 2107 4052 Steffenus*)
2151 3969 2220 4032 in
2264 3967 2476 4031 medio
2521 3947 2716 4028 relin-

472 4079 801 4159 quendum
845 4082 1056 4162 putet,
1102 4078 1260 4160 quid
1296 4076 1384 4141 de
1427 4077 1549 4142 hac
1593 4076 1823 4144 fabula
1868 4076 2281 4143 statuendum
2325 4077 2432 4159 sit,
2478 4080 2545 4139 et
2573 4095 2718 4140 cum

606 4312 653 4378 ⁸¹¹)
688 4311 723 4366 1.
758 4330 802 4365 s.
840 4330 881 4369 s.
922 4330 975 4385 p.
1020 4317 1134 4368 124.
