3192 4967
1252 451 1770 519 2--23-

441 624 839 691 diversorum
884 643 1204 709 personae
1236 628 1608 698 versantur3
1652 641 1971 707 personae
2001 627 2220 690 autem
2252 601 2688 689 diverbiorum

441 740 556 799 aut
601 735 768 802 duae
815 741 930 799 aut
973 741 1103 800 tres
1149 739 1267 802 aut
1311 754 1460 799 raro
1492 740 1773 818 quatuor
1802 752 1940 798 esse
1967 733 2220 818 debent,
2250 719 2423 798 ultra
2451 754 2687 817 augere

439 868 776 910 numerum
838 866 969 910 non
1030 844 1258 909 licet.“
1342 881 1428 891 -
1509 844 1614 908 In¹
1662 843 1788 910 hac
1848 844 2020 907 enim
2085 849 2273 927 parte
2329 844 2507 908 illius
2562 843 2688 928 „de

437 955 891 1039 poematibus“
936 953 1392 1039 disputationis
1438 954 1519 1019 de
1563 952 1896 1050 comoedia
1954 954 2125 1038 agit,
2184 953 2381 1036 idque
2424 953 2552 1035 ita,
2613 960 2688 1019 ut

439 1066 632 1130 simul
678 1065 756 1129 de
800 1064 1038 1131 fabulis
1088 1065 1483 1130 Graecorum
1537 1069 1603 1129 et
1645 1065 2084 1129 Romanorum
2126 1064 2456 1146 loquatur.
2561 1063 2688 1130 Sed

440 1175 643 1258 quid?
730 1175 992 1258 ,‚Raro“
1037 1195 1354 1259 personae
1401 1180 1687 1257 quatuor
1733 1194 1873 1238 esse
1919 1173 2203 1239 debent?
2293 1176 2468 1240 Loco
2515 1175 2688 1239 enim

441 1307 640 1371 supra
683 1286 881 1351 allato
942 1291 1247 1370 quartam
1291 1305 1640 1370 personam
1683 1283 2026 1368 „semper“
2071 1290 2321 1358 mutam
2367 1307 2506 1350 esse
2551 1283 2687 1350 dix-

438 1402 598 1462 erat.
687 1396 1039 1463 Praeterea
1096 1402 1352 1479 autem,
1410 1395 1588 1460 ultra
1646 1400 1930 1478 quatuor
1993 1415 2333 1460 numerum
2394 1401 2689 1462 actorum

438 1526 677 1589 augere
731 1527 861 1571 non
917 1506 1115 1570 licet?
1204 1505 1550 1571 Diomedes
1612 1506 1817 1576 enim,
1889 1506 1985 1571 uti
2043 1504 2172 1569 iam
2231 1504 2547 1590 diximus,
2609 1504 2688 1571 de

440 1616 787 1681 comoediis
834 1616 1097 1681 Graecis
1157 1622 1363 1700 atque
1419 1616 1676 1681 Latinis
1735 1615 2066 1700 loquitur,
2127 1621 2194 1680 et
2251 1615 2319 1678 in
2364 1616 2468 1681 his
2513 1622 2688 1681 certe

439 1727 792 1792 nonnullae
853 1747 1126 1792 scaenae
1186 1731 1478 1810 exstant,
1536 1725 1607 1790 in
1662 1724 1899 1809 quibus
1960 1727 2156 1792 etiam
2201 1728 2506 1810 quinque}
2547 1737 2710 1809 per-'

441 1858 637 1902 sonae
682 1844 1042 1901 versantur.
1116 1836 1217 1900 Ex
1259 1835 1362 1900 his
1409 1834 1708 1901 omnibus
1754 1841 1975 1902 autem
2020 1838 2460 1921 consequitur,
2504 1835 2688 1902 testi-

438 1949 657 2013 monia
720 1968 797 2012 ex
855 1945 1190 2011 Diomedis
1265 1946 1528 2029 scriptis
1610 1946 1815 2013 allata
1888 1968 2019 2012 non
2077 1946 2207 2011 nisi
2265 1968 2410 2011 cum
2466 1946 2691 2028 aliqua

432 2057 849 2126 dubitatione
894 2056 979 2121 ad
1026 2057 1474 2139 quaestionem
1532 2062 1827 2121 nostram
1884 2056 2339 2126 illustrandam
2384 2057 2690 2141 usurpari

437 2167 706 2253 debere,
775 2170 1160 2251 praesertim
1229 2187 1374 2230 cum
1449 2188 1645 2249 quam
1703 2167 2121 2252 neglegenter
2177 2167 2280 2232 vel
2338 2167 2691 2232 inscienter

436 2280 897 2363 grammaticus
970 2279 1080 2364 ille
1155 2278 1361 2362 egerit
1420 2279 1619 2342 etiam
1679 2298 1758 2343 ex
1817 2277 1933 2370 iis,
2008 2298 2177 2360 quae
2234 2276 2432 2342 verba
2491 2298 2691 2361 supra

436 2388 638 2456 allata
693 2376 1092 2472 sequuntur,
1170 2386 1473 2472 cognosci
1529 2388 1757 2472 possit.
1848 2388 1942 2453 lbi
2004 2388 2175 2453 enim
2241 2408 2437 2470 quam
2501 2387 2710 2472 fals0‚⁸

439 2499 598 2592 quid
642 2500 968 2563 canticum
1013 2498 1119 2582 sit,
1170 2497 1607 2582 explicaverit,
1654 2518 1799 2563 cum
1829 2519 2029 2563 unam
2056 2503 2312 2586 tantum
2345 2518 2692 2582 personam

434 2609 503 2674 in
548 2608 628 2674 iis
676 2629 868 2692 agere
914 2608 1151 2674 debere
1196 2608 1391 2691 dicat,
1439 2613 1504 2672 et
1549 2614 1797 2691 quanto
1842 2610 1911 2673 in
1950 2629 2168 2674 errore
2198 2614 2511 2693 versetur,
2543 2606 2691 2673 sub-

439 2718 545 2784 tili
603 2718 1175 2803 argumentatione
1241 2718 1347 2783 Fr.
1392 2718 1757 2784 Ritchelius
1817 2721 2130 2786 ex.notis
2189 2720 2325 2804 „O“
2374 2725 2440 2784 et
2483 2717 2690 2803 „DV“

439 2828 508 2893 in
553 2828 803 2894 duobus
848 2830 1176 2895 codicibus
1220 2827 1544 2893 Plautinis
1591 2831 1863 2895 servatis
1911 2829 2281 2916 ostendit.*)

611 2938 710 3003 Ex
741 2939 870 3003 illis
914 2938 1116 3023 igitur
1160 2940 1548 3005 testimoniis
1591 2940 1759 3004 nihil
1804 2939 1940 3004 fere
1985 2941 2069 3006 ad
2100 2942 2548 3024 quaestionem
2578 2962 2690 3005 no-

446 3057 644 3115 stram
701 3049 921 3132 colligi
975 3054 1225 3133 potest,
1284 3071 1431 3114 nam
1475 3070 1593 3116 nec
1642 3049 1720 3115 de
1777 3072 2047 3117 numero
2110 3057 2403 3117 actorum
2446 3072 2565 3115 nec
2612 3051 2691 3117 de

449 3178 874 3239 personarum
919 3158 1379 3230 distributione
1423 3160 1675 3244 aliquid
1718 3162 1875 3225 certi
1913 3161 1980 3224 in
2027 3162 2108 3226 iis
2154 3161 2457 3243 traditur,
2504 3167 2567 3225 et
2608 3181 2691 3226 ne

448 3287 790 3331 numerum
848 3264 1109 3351 q'uidem
1183 3275 1475 3335 actorum
1535 3271 1604 3334 in
1662 3291 1829 3335 nova
1887 3269 2285 3338 Graecorum
2361 3271 2693 3340 comoedia

447 3375 817 3441 adhibitum
860 3398 942 3442 ex
986 3377 1078 3442 eis
1123 3398 1506 3463 cognoscere
1548 3402 1926 3465 possumus,
1981 3402 2127 3447 cum
2170 3381 2372 3465 nihil,
2418 3381 2546 3446 nisi
2590 3403 2689 3446 ve·

443 3493 650 3552 terem
684 3488 1081 3553 comoediam
1128 3495 1193 3554 et
1219 3490 1620 3575 tragoediam
1649 3489 1995 3556 Diomedes
2040 3493 2107 3556 in
2141 3498 2350 3557 mente
2377 3490 2692 3560 habuisse

444 3598 758 3663 videatur.
860 3598 987 3665 Sed
1031 3601 1412 3684 priusquam
1459 3600 1543 3665 ad
1587 3600 1856 3687 tertium
1900 3608 2191 3672 veterum
2220 3602 2688 3686 testimonium,

444 3707 523 3772 de
572 3728 700 3791 quo
735 3708 922 3773 nobis
956 3709 1170 3776 adhuc
1203 3710 1545 3776 dicendum
1591 3719 1707 3795 est,
1753 3718 2182 3797 transeamUS,
2229 3733 2372 3776 cum
2401 3710 2690 3777 Schmid-
2760 3736 2765 3741 ·

444 3818 575 3884 tius
622 3819 706 3883 ad
749 3840 1176 3903 personarum
1226 3820 1751 3888 distributionem
1784 3822 2037 3904 aliquid
2081 3843 2161 3885 ex
2197 3822 2329 3885 illis
2359 3822 2691 3887 Diomedis

430 3934 512 3995 et
552 3930 815 3995 Horatii
857 3931 1071 3995 verbis
1116 3930 1339 4015 colligi
1383 3951 1572 4016 posse
1618 3932 1972 4014 putaverit,
2018 3932 2155 3995 eius
2189 3933 2688 4013 argumentatio-

447 4061 592 4104 nem
637 4044 705 4105 et
746 4041 1067 4106 rationem
1113 4040 1198 4105 ad
1241 4061 1553 4124 personas
1579 4040 2063 4107 distribuendas
2107 4040 2471 4105 adhibitam
2516 4060 2690 4125 spec-

532 4295 541 4302 ’
576 4275 624 4342 *)
660 4275 802 4331 Μιιε.
843 4274 1023 4331 Rhen.
1063 4274 1166 4331 vol.
1209 4274 1395 4331 XXVI
1429 4293 1483 4349 p.
1523 4280 1625 4333 635
1663 4295 1743 4351 sq.
