3192 4967
1355 509 1437 528 ἃ...
1522 467 1774 544 36-—

445 641 855 713 habilitatem
927 647 1126 714 habet
1195 656 1261 713 et
1330 650 1415 714 ad
1476 649 1854 716 firmitatem
1911 650 2059 717 aliis
2119 651 2519 734 argumentis
2578 648 2685 716 ad-

443 760 646 824 iutum
690 760 959 842 perduci
1003 779 1190 841 posse
1236 759 1513 825 videtur.
1598 761 1901 838 Quamvis
1947 762 2117 825 enim
2160 762 2291 826 ista
2330 761 2688 844 disputatio

442 870 568 954 „de
611 871 955 955 tragoedia
1000 876 1066 934 et
1124 871 1499 936 comoedia“
1546 871 1973 954 inscribatur,
2034 877 2253 935 tamen
2295 871 2685 954 EuanthiuS,

442 1002 609 1063 quae
668 982 752 1046 ad
811 981 1214 1064 tragoediam
1273 988 1604 1065 spectant,
1665 981 1869 1064 magis
1913 982 1980 1045 in
2024 983 2306 1048 transitu
2350 983 2576 1065 attigit
2620 988 2687 1046 et

439 1091 508 1154 in
552 1093 779 1173 primis
825 1092 948 1156 sibi
992 1090 1071 1155 de
1115 1092 1448 1157 comoedia
1506 1101 1700 1173 atque
1757 1092 2105 1174 praecipue
2151 1090 2550 1160 Terentiana
2590 1091 2683 1157 di-

439 1221 583 1265 cere
641 1204 999 1286 proposuit.
1099 1202 1247 1286 Ipse
1313 1203 1471 1285 quid
1528 1203 1807 1266 voluerit
1868 1200 1971 1266 his
2042 1202 2254 1267 verbis
2328 1202 2683 1285 significat:

438 1314 566 1394 „At
610 1334 726 1377 nos
773 1333 868 1395 ea,
917 1333 1082 1394 quae
1123 1313 1384 1395 proprie
1429 1311 1508 1375 de
1552 1311 1894 1395 tragoedia
1936 1310 2210 1375 dicenda
2254 1318 2427 1394 sunt,
2487 1311 2682 1378 titulo

380 1411 385 1418 ’
436 1422 756 1503 propositi
801 1422 1013 1504 operis
1061 1423 1382 1487 instantes
1427 1423 1494 1486 in
1542 1423 1672 1486 alia
1715 1428 2013 1504 tempora
2056 1420 2464 1496 differamus;
2510 1428 2575 1487 et
2603 1421 2682 1486 de

435 1529 538 1595 his
604 1527 841 1597 fabulis
915 1534 1044 1597 iam
1117 1532 1440 1615 dicamuS,
1516 1553 1679 1615 quas
1750 1531 2091 1597 Terentius
2165 1532 2453 1596 imitatus
2518 1534 2680 1597 est.“

396 1633 651 1721 'Quare
695 1644 1103 1727 paucissimis
1148 1643 1470 1707 communi
1511 1641 2001 1725 tragoediae‘et
2029 1642 2398 1709 comoediae
2430 1641 2677 1725 origine

435 1753 774 1838 explicata,
836 1754 1058 1817 statim
1105 1753 1190 1818 ad
1233 1752 1631 1817 comoediam
1675 1753 1912 1836 pergit,
1959 1759 2031 1832 ‚et
2074 1751 2395 1835 quomodo
2442 1756 2679 1816 sensim

433 1863 610 1947 apud
632 1864 910 1929 Graecos
957 1864 1215 1929 exculta
1258 1869 1325 1927 et
1369 1862 1455 1926 ad
1497 1862 1855 1945 perfectam
1899 1867 1967 1926 et
1992 1862 2379 1944 perpolitam
2400 1859 2677 1926 formam

430 1974 610 2038 illam
652 1975 966 2057 perducta
1008 1975 1129 2058 sit,
1192 1974 1514 2057 quomodo
1573 1994 1743 2037 nova
1794 1995 1874 2037 ex
1928 1978 2144 2036 vetere
2189 1971 2547 2054 comoedia,
2608 1976 2675 2037 et

428 2084 672 2148 Latina
714 2106 792 2148 ex
825 2084 1074 2148 Graeca
1118 2091 1260 2149 orta
1304 2086 1404 2166 sit,
1451 2088 1732 2148 enarrat.
1820 2083 2070 2146 Deinde
2116 2087 2335 2146 autem
2379 2082 2463 2147 ad
2506 2102 2673 2147 com—

428 2194 826 2277 parationem
852 2195 1137 2260 Graecae
1185 2200 1251 2258 et
1277 2194 1607 2259 Romanae
1652 2192 2020 2260 comoediae
2064 2193 2319 2257 transit.
2388 2189 2673 2257 Chorum

428 2303 600 2367 enim
644 2310 719 2368 ut
762 2305 1044 2370 Graecos
1088 2306 1156 2368 in
1201 2324 1368 2368 nova
1410 2304 1743 2369 comoedia
1786 2304 1878 2368 sic
1922 2304 2117 2368 etiam
2146 2301 2470 2368 Romanos
2516 2302 2672 2367 omi·

426 2415 604 2497 sisse,
650 2415 955 2498 prologos
1001 2420 1220 2479 autem
1264 2420 1331 2477 et
1360 2412 1748 2497 προτατικοὶ
1798 2411 2142 2498 πρόςωπα,
2170 2397 2421 2496 quibus⁵
2437 2412 2670 2477 Graeci

427 2525 689 2588 omnino
757 2526 1152 2608 caruissent,
1221 2524 1545 2589 Romanos
1620 2523 1874 2588 demum
1961 2521 2282 2588 invenisse
2358 2523 2665 2605 ostendit,

424 2633 704 2715 denique
763 2633 980 2710 θεοὺς
1037 2632 1174 2698 ἀπὸ
1237 2636 1532 2719 μηχανῆς
1590 2633 1871 2698 Graecos
1928 2639 1991 2698 et
2049 2638 2297 2698 ceteros
2340 2621 2667 2698 Romanos

421 2749 685 2826 praeter
729 2742 1104 2808 Terentium
1161 2744 1533 2809 adhibuisse
1578 2748 1823 2808 narrat.
1914 2741 2073 2807 Cum
2117 2743 2319 2826 igitur
2354 2744 2664 2827 expositis

423 2851 818 2917 Graecorum
874 2854 1194 2918 institutis
1211 2904 1230 2937 ,
1288 2860 1354 2917 et
1414 2853 1650 2935 quibus
1718 2853 1913 2918 rebus
1971 2854 2265 2919 Romana
2336 2853 2667 2919 comoedia

420 2969 486 3026 et
529 2963 598 3027 in
642 2963 870 3045 primis
915 2955 1312 3028 Terentiana
1365 2962 1624 3028 differat
1667 2984 1706 3027 a
1751 2962 2034 3047 Graeca,
2095 2964 2350 3047 allatis,
2411 2964 2662 3030 nullum

420 3073 498 3138 de
545 3073 874 3140 actoribus
932 3075 1002 3139 in
1058 3074 1390 3139 comoedia
1435 3095 1475 3137 a
1517 3073 1827 3138 Romanis
1887 3072 2196 3138 adhibitis
2250 3073 2516 3140 verbum
2572 3074 2660 3138 fe-

416 3185 607 3269 cerit,
667 3185 968 3250 concludi
1023 3185 1206 3267 licet,
1266 3188 1334 3248 in
1392 3184 1516 3249 hac
1571 3205 1643 3248 re
1686 3183 2123 3249 Romanorum
2181 3183 2578 3250 comoediam
2622 3203 2663 3248 a

417 3294 812 3362 Graecorum
856 3318 987 3361 non
1033 3295 1352 3361 diversam
1397 3295 1615 3360 fuisse.
1704 3291 1831 3359 Sed
1874 3293 2043 3360 obici
2086 3292 2248 3359 mihi
2278 3299 2513 3378 potest,
2555 3314 2659 3359 me

413 3405 728 3470 eiusmodi
773 3412 1227 3489 argumentum
1271 3427 1350 3469 ex
1394 3405 1655 3470 silentio
1714 3406 2097 3489 scriptorum
2139 3406 2436 3488 petitum,
2483 3403 2660 3489 quod

415 3536 615 3600 supra
659 3528 957 3599 magnam
1000 3518 1128 3580 vim
1174 3517 1759 3599 argumentationis
1813 3514 2056 3580 habere
2115 3516 2515 3600 negaverim,
2571 3514 2659 3580 ad

409 3646 548 3690 rem
605 3627 1008 3709 propositam
1066 3624 1640 3690 demonstrandam
1712 3624 2040 3689 adhibere.
2147 3625 2303 3707 Sed,
2373 3626 2475 3691 uti
2524 3624 2656 3689 iam

413 3737 580 3820 dixi,
637 3759 715 3802 ex
774 3736 889 3801 illo
949 3735 1209 3800 silentio
1269 3735 1606 3816 scriptoris
1665 3756 1796 3800 non
1853 3740 2099 3801 certum
2155 3735 2422 3819 aliquod
2466 3756 2655 3819 argu-

409 3853 700 3913 mentum
759 3846 1113 3929 petendum
1171 3866 1309 3911 esse
1368 3846 1558 3911 credo
1575 3896 1593 3930 ,
1658 3845 1772 3911 sed
1828 3845 1998 3911 hanc
2055 3867 2317 3912 causam
2378 3853 2652 3912 tantum-

409 3956 599 4022 modo
645 3958 950 4038 usurpari
992 3978 1182 4042 posse
1228 3958 1313 4022 ad
1356 3955 1536 4021 illam
1582 3959 2008 4043 sententiam,
2067 3979 2209 4021 cum
2264 3957 2413 4023 aliis
2460 3977 2648 4040 argu-

408 4069 639 4132 mentis
687 4088 828 4130 eam
856 4067 1403 4151 demonstravero,
1448 4066 1958 4134 confirmandam
1988 4073 2055 4132 et
2076 4066 2647 4149 corroborandam3

408 4197 802 4260 quamquam
848 4177 1097 4261 aliquid
1138 4183 1359 4244 tamen
1404 4179 1740 4257 interesse,
1775 4178 2105 4260 concedeS,
2149 4178 2323 4241 inter
2353 4195 2431 4242 ea
2458 4198 2646 4260 argu-

344 4301 345 4304 ’
407 4293 643 4369 menta,
688 4307 855 4370 quae
901 4309 981 4351 ex
1024 4289 1278 4352 silentio
1322 4288 1713 4369 scriptorum
1754 4288 1961 4369 petita
2002 4287 2329 4371 dicuntur,
2374 4294 2442 4353 et
2482 4287 2650 4354 illud
