<?xml version="1.0" encoding="UTF-8"?>
<!DOCTYPE html PUBLIC "-//W3C//DTD XHTML 1.0 Transitional//EN"
    "http://www.w3.org/TR/xhtml1/DTD/xhtml1-transitional.dtd">
<html xmlns="http://www.w3.org/1999/xhtml" xml:lang="en" lang="en">
 <head>
  <title>
</title>
<meta http-equiv="Content-Type" content="text/html;charset=utf-8" />
  <meta name='ocr-system' content='tesseract 3.04.00' />
  <meta name='ocr-capabilities' content='ocr_page ocr_carea ocr_par ocr_line ocrx_word'/>
</head>
<body>
  <div class='ocr_page' id='page_1' title='image "./quaestionestere00bossgoog_0023.png"; bbox 0 0 3192 4967; ppageno 0'>
   <div class='ocr_carea' id='block_1_1' title="bbox 1410 504 1832 586">
    <p class='ocr_par' dir='ltr' id='par_1_1' title="bbox 1410 504 1832 586">
     <span class='ocr_line' id='line_1_1' title="bbox 1410 504 1832 586; baseline -0.007 -14"><span class='ocrx_word' id='word_1_1' title='bbox 1410 504 1832 586; x_wconf 69' lang='lat'>...19—</span> 
     </span>
    </p>
   </div>
   <div class='ocr_carea' id='block_1_2' title="bbox 450 679 2744 772">
    <p class='ocr_par' dir='ltr' id='par_1_2' title="bbox 450 679 2744 772">
     <span class='ocr_line' id='line_1_2' title="bbox 450 679 2744 772; baseline -0 -17"><span class='ocrx_word' id='word_1_2' title='bbox 450 738 455 745; x_wconf 81' lang='lat'>.</span> <span class='ocrx_word' id='word_1_3' title='bbox 496 689 683 758; x_wconf 88' lang='lat' dir='ltr'><strong>nobis</strong></span> <span class='ocrx_word' id='word_1_4' title='bbox 727 687 1024 756; x_wconf 82' lang='lat' dir='ltr'><strong>videatur</strong></span> <span class='ocrx_word' id='word_1_5' title='bbox 1069 689 1135 755; x_wconf 72' lang='lat' dir='ltr'><strong>e&#39;t</strong></span> <span class='ocrx_word' id='word_1_6' title='bbox 1180 689 1338 772; x_wconf 90' lang='lat' dir='ltr'><strong>quid</strong></span> <span class='ocrx_word' id='word_1_7' title='bbox 1382 711 1501 755; x_wconf 90' lang='lat' dir='ltr'><strong>nos</strong></span> <span class='ocrx_word' id='word_1_8' title='bbox 1523 733 1526 736; x_wconf 27' lang='grc' dir='ltr'><strong><em>ι</em></strong></span> <span class='ocrx_word' id='word_1_9' title='bbox 1546 710 1626 754; x_wconf 85' lang='lat' dir='ltr'><strong>ex</strong></span> <span class='ocrx_word' id='word_1_10' title='bbox 1670 689 1802 754; x_wconf 90' lang='lat' dir='ltr'><strong>illis</strong></span> <span class='ocrx_word' id='word_1_11' title='bbox 1829 694 2123 755; x_wconf 81' lang='lat' dir='ltr'><strong>veterum</strong></span> <span class='ocrx_word' id='word_1_12' title='bbox 2155 687 2550 755; x_wconf 77' lang='lat' dir='ltr'><strong>testimoniis</strong></span> <span class='ocrx_word' id='word_1_13' title='bbox 2596 679 2744 754; x_wconf 82' lang='lat' dir='ltr'><strong>effe-</strong></span> 
     </span>
    </p>
   </div>
   <div class='ocr_carea' id='block_1_3' title="bbox 500 823 2749 994">
    <p class='ocr_par' dir='ltr' id='par_1_3' title="bbox 500 823 2749 994">
     <span class='ocr_line' id='line_1_3' title="bbox 500 823 793 867; baseline -0.003 -1"><span class='ocrx_word' id='word_1_14' title='bbox 500 823 793 867; x_wconf 76' lang='lat' dir='ltr'><strong>cerlmus.</strong></span> 
     </span>
     <span class='ocr_line' id='line_1_4' title="bbox 668 908 2749 994; baseline -0.001 -17"><span class='ocrx_word' id='word_1_15' title='bbox 668 911 944 978; x_wconf 86' lang='lat' dir='ltr'><strong>Romani</strong></span> <span class='ocrx_word' id='word_1_16' title='bbox 991 933 1064 977; x_wconf 94' lang='lat' dir='ltr'><strong>eo</strong></span> <span class='ocrx_word' id='word_1_17' title='bbox 1110 910 1368 976; x_wconf 90' lang='lat' dir='ltr'><strong>demum</strong></span> <span class='ocrx_word' id='word_1_18' title='bbox 1411 915 1740 994; x_wconf 87' lang='lat' dir='ltr'><strong>tempore,</strong></span> <span class='ocrx_word' id='word_1_19' title='bbox 1805 931 1933 993; x_wconf 92' lang='lat' dir='ltr'><strong>quo</strong></span> <span class='ocrx_word' id='word_1_20' title='bbox 1980 908 2217 976; x_wconf 88' lang='lat' dir='ltr'><strong>Graeci</strong></span> <span class='ocrx_word' id='word_1_21' title='bbox 2245 979 2248 986; x_wconf 62' lang='grc'><strong>,</strong></span> <span class='ocrx_word' id='word_1_22' title='bbox 2277 911 2408 975; x_wconf 88' lang='lat' dir='ltr'><strong>iam</strong></span> <span class='ocrx_word' id='word_1_23' title='bbox 2452 910 2537 976; x_wconf 91' lang='lat' dir='ltr'><strong>ad</strong></span> <span class='ocrx_word' id='word_1_24' title='bbox 2581 930 2749 976; x_wconf 89' lang='lat' dir='ltr'><strong>sum-</strong></span> 
     </span>
    </p>
   </div>
   <div class='ocr_carea' id='block_1_4' title="bbox 499 1019 2749 1105">
    <p class='ocr_par' dir='ltr' id='par_1_4' title="bbox 499 1019 2749 1105">
     <span class='ocr_line' id='line_1_5' title="bbox 499 1019 2749 1105; baseline -0.001 -17"><span class='ocrx_word' id='word_1_25' title='bbox 499 1044 671 1088; x_wconf 90' lang='lat' dir='ltr'><strong>mam</strong></span> <span class='ocrx_word' id='word_1_26' title='bbox 729 1022 1120 1104; x_wconf 78' lang='lat' dir='ltr'><strong>elegantiam</strong></span> <span class='ocrx_word' id='word_1_27' title='bbox 1188 1022 1257 1086; x_wconf 94' lang='lat' dir='ltr'><strong>in</strong></span> <span class='ocrx_word' id='word_1_28' title='bbox 1329 1020 1504 1086; x_wconf 92' lang='lat' dir='ltr'><strong>omni</strong></span> <span class='ocrx_word' id='word_1_29' title='bbox 1570 1040 1805 1103; x_wconf 85' lang='lat' dir='ltr'><strong>genere</strong></span> <span class='ocrx_word' id='word_1_30' title='bbox 1874 1019 2235 1102; x_wconf 84' lang='lat' dir='ltr'><strong>litterarum</strong></span> <span class='ocrx_word' id='word_1_31' title='bbox 2299 1028 2749 1105; x_wconf 83' lang='lat' dir='ltr'><strong>pervenerant,</strong></span> 
     </span>
    </p>
   </div>
   <div class='ocr_carea' id='block_1_5' title="bbox 498 1130 2752 1555">
    <p class='ocr_par' dir='ltr' id='par_1_5' title="bbox 498 1130 2752 1555">
     <span class='ocr_line' id='line_1_6' title="bbox 501 1130 2750 1216; baseline -0.001 -18"><span class='ocrx_word' id='word_1_32' title='bbox 501 1154 631 1216; x_wconf 85' lang='lat' dir='ltr'><strong>quo</strong></span> <span class='ocrx_word' id='word_1_33' title='bbox 696 1153 1011 1198; x_wconf 88' lang='lat' dir='ltr'><strong>summam</strong></span> <span class='ocrx_word' id='word_1_34' title='bbox 1073 1132 1341 1216; x_wconf 82' lang='lat' dir='ltr'><strong>gloriam</strong></span> <span class='ocrx_word' id='word_1_35' title='bbox 1414 1130 1694 1212; x_wconf 89' lang='lat' dir='ltr'><strong>adeptae</strong></span> <span class='ocrx_word' id='word_1_36' title='bbox 1759 1150 2046 1195; x_wconf 92' lang='lat' dir='ltr'><strong>summae</strong></span> <span class='ocrx_word' id='word_1_37' title='bbox 2122 1137 2297 1196; x_wconf 87' lang='lat' dir='ltr'><strong>artes</strong></span> <span class='ocrx_word' id='word_1_38' title='bbox 2365 1131 2553 1215; x_wconf 84' lang='lat' dir='ltr'><strong>quasi</strong></span> <span class='ocrx_word' id='word_1_39' title='bbox 2616 1131 2750 1196; x_wconf 92' lang='lat' dir='ltr'><strong>iam</strong></span> 
     </span>
     <span class='ocr_line' id='line_1_7' title="bbox 500 1227 2752 1326; baseline -0.001 -17"><span class='ocrx_word' id='word_1_40' title='bbox 500 1264 831 1309; x_wconf 86' lang='lat' dir='ltr'><strong>senescere</strong></span> <span class='ocrx_word' id='word_1_41' title='bbox 891 1245 1280 1326; x_wconf 82' lang='lat' dir='ltr'><strong>coeperunt,</strong></span> <span class='ocrx_word' id='word_1_42' title='bbox 1347 1240 1477 1306; x_wconf 87' lang='lat' dir='ltr'><strong>illis</strong></span> <span class='ocrx_word' id='word_1_43' title='bbox 1531 1239 1759 1324; x_wconf 85' lang='lat' dir='ltr'><strong>rebus,</strong></span> <span class='ocrx_word' id='word_1_44' title='bbox 1836 1261 2004 1324; x_wconf 91' lang='lat' dir='ltr'><strong>quae</strong></span> <span class='ocrx_word' id='word_1_45' title='bbox 2064 1262 2270 1325; x_wconf 89' lang='lat' dir='ltr'><strong>usque</strong></span> <span class='ocrx_word' id='word_1_46' title='bbox 2331 1227 2422 1309; x_wconf 26' lang='lat' dir='ltr'><strong>ad·</strong></span> <span class='ocrx_word' id='word_1_47' title='bbox 2476 1241 2752 1325; x_wconf 88' lang='lat' dir='ltr'><strong>Augusti</strong></span> 
     </span>
     <span class='ocr_line' id='line_1_8' title="bbox 498 1343 2747 1436; baseline -0.001 -18"><span class='ocrx_word' id='word_1_48' title='bbox 498 1352 634 1418; x_wconf 86' lang='lat' dir='ltr'><strong>fere</strong></span> <span class='ocrx_word' id='word_1_49' title='bbox 679 1359 977 1436; x_wconf 90' lang='lat' dir='ltr'><strong>tempora</strong></span> <span class='ocrx_word' id='word_1_50' title='bbox 1019 1352 1192 1416; x_wconf 91' lang='lat' dir='ltr'><strong>inter</strong></span> <span class='ocrx_word' id='word_1_51' title='bbox 1237 1352 1509 1416; x_wconf 83' lang='lat' dir='ltr'><strong>leviores</strong></span> <span class='ocrx_word' id='word_1_52' title='bbox 1555 1354 1731 1415; x_wconf 90' lang='lat' dir='ltr'><strong>artes</strong></span> <span class='ocrx_word' id='word_1_53' title='bbox 1786 1349 1867 1414; x_wconf 90' lang='lat' dir='ltr'><strong>ab</strong></span> <span class='ocrx_word' id='word_1_54' title='bbox 1914 1352 1994 1415; x_wconf 90' lang='lat' dir='ltr'><strong>iis</strong></span> <span class='ocrx_word' id='word_1_55' title='bbox 2039 1352 2370 1416; x_wconf 88' lang='lat' dir='ltr'><strong>numerari</strong></span> <span class='ocrx_word' id='word_1_56' title='bbox 2424 1343 2747 1435; x_wconf 89' lang='lat' dir='ltr'><strong>solebant,</strong></span> 
     </span>
     <span class='ocr_line' id='line_1_9' title="bbox 500 1460 2750 1555; baseline -0.001 -27"><span class='ocrx_word' id='word_1_57' title='bbox 500 1463 789 1555; x_wconf 85' lang='lat' dir='ltr'><strong>aliquam</strong></span> <span class='ocrx_word' id='word_1_58' title='bbox 835 1483 1100 1547; x_wconf 87' lang='lat' dir='ltr'><strong>operam</strong></span> <span class='ocrx_word' id='word_1_59' title='bbox 1142 1464 1561 1527; x_wconf 81' lang='lat' dir='ltr'><strong>navaverunt.</strong></span> <span class='ocrx_word' id='word_1_60' title='bbox 1651 1460 1831 1526; x_wconf 87' lang='lat' dir='ltr'><strong>Sicut</strong></span> <span class='ocrx_word' id='word_1_61' title='bbox 1872 1462 1997 1525; x_wconf 85' lang='lat' dir='ltr'><strong>viri</strong></span> <span class='ocrx_word' id='word_1_62' title='bbox 2056 1462 2230 1532; x_wconf 84' lang='lat' dir='ltr'><strong>docti</strong></span> <span class='ocrx_word' id='word_1_63' title='bbox 2285 1461 2549 1534; x_wconf 89' lang='lat' dir='ltr'><strong>illorum</strong></span> <span class='ocrx_word' id='word_1_64' title='bbox 2592 1467 2750 1526; x_wconf 91' lang='lat' dir='ltr'><strong>tem-</strong></span> 
     </span>
    </p>
   </div>
   <div class='ocr_carea' id='block_1_6' title="bbox 433 1570 2750 1658">
    <p class='ocr_par' dir='ltr' id='par_1_6' title="bbox 433 1570 2750 1658">
     <span class='ocr_line' id='line_1_10' title="bbox 433 1570 2750 1658; baseline -0.001 -19"><span class='ocrx_word' id='word_1_65' title='bbox 433 1640 445 1648; x_wconf 69' lang='grc'>,</span> <span class='ocrx_word' id='word_1_66' title='bbox 498 1575 780 1658; x_wconf 70' lang='lat' dir='ltr'><strong>p‘orum‚&#39;</strong></span> <span class='ocrx_word' id='word_1_67' title='bbox 855 1594 1021 1656; x_wconf 89' lang='lat' dir='ltr'><strong>quae</strong></span> <span class='ocrx_word' id='word_1_68' title='bbox 1078 1571 1524 1637; x_wconf 82' lang='lat' dir='ltr'><strong>Alexandrina</strong></span> <span class='ocrx_word' id='word_1_69' title='bbox 1575 1570 1913 1635; x_wconf 90' lang='lat' dir='ltr'><strong>nominare</strong></span> <span class='ocrx_word' id='word_1_70' title='bbox 1972 1573 2419 1637; x_wconf 83' lang='lat' dir='ltr'><strong>consuevimus</strong></span> <span class='ocrx_word' id='word_1_71' title='bbox 2439 1622 2457 1656; x_wconf 85' lang='lat'><em>,</em></span> <span class='ocrx_word' id='word_1_72' title='bbox 2542 1573 2750 1656; x_wconf 88' lang='lat' dir='ltr'><strong>magis</strong></span> 
     </span>
    </p>
   </div>
   <div class='ocr_carea' id='block_1_7' title="bbox 495 1680 2842 4300">
    <p class='ocr_par' dir='ltr' id='par_1_7' title="bbox 495 1680 2842 4300">
     <span class='ocr_line' id='line_1_11' title="bbox 500 1680 2750 1767; baseline -0 -19"><span class='ocrx_word' id='word_1_73' title='bbox 500 1683 820 1750; x_wconf 88' lang='lat' dir='ltr'><strong>imitando</strong></span> <span class='ocrx_word' id='word_1_74' title='bbox 880 1704 1076 1767; x_wconf 90' lang='lat' dir='ltr'><strong>quam</strong></span> <span class='ocrx_word' id='word_1_75' title='bbox 1128 1703 1326 1748; x_wconf 86' lang='lat' dir='ltr'><strong>novos</strong></span> <span class='ocrx_word' id='word_1_76' title='bbox 1383 1680 1598 1746; x_wconf 85' lang='lat' dir='ltr'><strong>fontes</strong></span> <span class='ocrx_word' id='word_1_77' title='bbox 1657 1681 2046 1746; x_wconf 85' lang='lat' dir='ltr'><strong>inveniendo</strong></span> <span class='ocrx_word' id='word_1_78' title='bbox 2107 1689 2173 1747; x_wconf 91' lang='lat' dir='ltr'><strong>et</strong></span> <span class='ocrx_word' id='word_1_79' title='bbox 2230 1704 2429 1748; x_wconf 86' lang='lat' dir='ltr'><strong>novas</strong></span> <span class='ocrx_word' id='word_1_80' title='bbox 2473 1683 2609 1747; x_wconf 86' lang='lat' dir='ltr'><strong>vias</strong></span> <span class='ocrx_word' id='word_1_81' title='bbox 2655 1682 2750 1747; x_wconf 92' lang='lat' dir='ltr'><strong>in-</strong></span> 
     </span>
     <span class='ocr_line' id='line_1_12' title="bbox 503 1790 2751 1879; baseline -0.001 -20"><span class='ocrx_word' id='word_1_82' title='bbox 503 1794 855 1879; x_wconf 89' lang='lat' dir='ltr'><strong>grediendo</strong></span> <span class='ocrx_word' id='word_1_83' title='bbox 902 1799 1110 1859; x_wconf 85' lang='lat' dir='ltr'><strong>artem</strong></span> <span class='ocrx_word' id='word_1_84' title='bbox 1154 1792 1474 1876; x_wconf 71' lang='lat' dir='ltr'><strong>poeticam</strong></span> <span class='ocrx_word' id='word_1_85' title='bbox 1517 1797 1585 1855; x_wconf 91' lang='lat' dir='ltr'><strong>et</strong></span> <span class='ocrx_word' id='word_1_86' title='bbox 1616 1790 1994 1857; x_wconf 83' lang='lat' dir='ltr'><strong>historicam</strong></span> <span class='ocrx_word' id='word_1_87' title='bbox 2040 1797 2106 1856; x_wconf 92' lang='lat' dir='ltr'><strong>et</strong></span> <span class='ocrx_word' id='word_1_88' title='bbox 2148 1792 2545 1861; x_wconf 88' lang='lat' dir='ltr'><strong>rhetoricam</strong></span> <span class='ocrx_word' id='word_1_89' title='bbox 2588 1792 2751 1858; x_wconf 90' lang='lat' dir='ltr'><strong>cole-</strong></span> 
     </span>
     <span class='ocr_line' id='line_1_13' title="bbox 501 1900 2751 1990; baseline -0.002 -19"><span class='ocrx_word' id='word_1_90' title='bbox 501 1905 698 1990; x_wconf 81' lang='lat' dir='ltr'><strong>bant,</strong></span> <span class='ocrx_word' id='word_1_91' title='bbox 774 1906 865 1969; x_wconf 90' lang='lat' dir='ltr'><strong>sic</strong></span> <span class='ocrx_word' id='word_1_92' title='bbox 937 1905 1168 1986; x_wconf 80' lang='lat' dir='ltr'><strong>etiam,</strong></span> <span class='ocrx_word' id='word_1_93' title='bbox 1251 1923 1418 1985; x_wconf 91' lang='lat' dir='ltr'><strong>quae</strong></span> <span class='ocrx_word' id='word_1_94' title='bbox 1474 1900 1751 1967; x_wconf 89' lang='lat' dir='ltr'><strong>Romani</strong></span> <span class='ocrx_word' id='word_1_95' title='bbox 1824 1901 1893 1966; x_wconf 91' lang='lat' dir='ltr'><strong>in</strong></span> <span class='ocrx_word' id='word_1_96' title='bbox 1958 1901 2199 1968; x_wconf 89' lang='lat' dir='ltr'><strong>litteris</strong></span> <span class='ocrx_word' id='word_1_97' title='bbox 2255 1905 2751 1988; x_wconf 85' lang='lat' dir='ltr'><strong>praestiterunt,</strong></span> 
     </span>
     <span class='ocr_line' id='line_1_14' title="bbox 498 2011 2747 2100; baseline -0.002 -19"><span class='ocrx_word' id='word_1_98' title='bbox 498 2016 706 2100; x_wconf 87' lang='lat' dir='ltr'><strong>magis</strong></span> <span class='ocrx_word' id='word_1_99' title='bbox 778 2036 924 2079; x_wconf 92' lang='lat' dir='ltr'><strong>cum</strong></span> <span class='ocrx_word' id='word_1_100' title='bbox 972 2013 1559 2079; x_wconf 85' lang='lat' dir='ltr'><strong>Alexandrinorum</strong></span> <span class='ocrx_word' id='word_1_101' title='bbox 1628 2011 1890 2077; x_wconf 92' lang='lat' dir='ltr'><strong>illorum</strong></span> <span class='ocrx_word' id='word_1_102' title='bbox 1969 2034 2167 2096; x_wconf 89' lang='lat' dir='ltr'><strong>quam</strong></span> <span class='ocrx_word' id='word_1_103' title='bbox 2240 2034 2385 2078; x_wconf 93' lang='lat' dir='ltr'><strong>cum</strong></span> <span class='ocrx_word' id='word_1_104' title='bbox 2454 2019 2747 2078; x_wconf 85' lang='lat' dir='ltr'><strong>veterum</strong></span> 
     </span>
     <span class='ocr_line' id='line_1_15' title="bbox 502 2121 2752 2208; baseline -0.002 -17"><span class='ocrx_word' id='word_1_105' title='bbox 502 2121 895 2192; x_wconf 83' lang='lat' dir='ltr'><strong>Graecorum</strong></span> <span class='ocrx_word' id='word_1_106' title='bbox 957 2124 1191 2190; x_wconf 89' lang='lat' dir='ltr'><strong>studiis</strong></span> <span class='ocrx_word' id='word_1_107' title='bbox 1253 2122 1620 2206; x_wconf 89' lang='lat' dir='ltr'><strong>comparari</strong></span> <span class='ocrx_word' id='word_1_108' title='bbox 1664 2121 1921 2187; x_wconf 89' lang='lat' dir='ltr'><strong>debent.</strong></span> <span class='ocrx_word' id='word_1_109' title='bbox 2008 2121 2242 2206; x_wconf 88' lang='lat' dir='ltr'><strong>Itaque</strong></span> <span class='ocrx_word' id='word_1_110' title='bbox 2288 2144 2394 2187; x_wconf 89' lang='lat' dir='ltr'><strong>ars</strong></span> <span class='ocrx_word' id='word_1_111' title='bbox 2435 2124 2752 2208; x_wconf 87' lang='lat' dir='ltr'><strong>scaenica,</strong></span> 
     </span>
     <span class='ocr_line' id='line_1_16' title="bbox 506 2217 2753 2320; baseline -0.001 -20"><span class='ocrx_word' id='word_1_112' title='bbox 506 2255 901 2320; x_wconf 88' lang='lat' dir='ltr'><strong>quamquam</strong></span> <span class='ocrx_word' id='word_1_113' title='bbox 973 2234 1102 2299; x_wconf 89' lang='lat' dir='ltr'><strong>iam</strong></span> <span class='ocrx_word' id='word_1_114' title='bbox 1174 2231 1326 2298; x_wconf 89' lang='lat' dir='ltr'><strong>inde</strong></span> <span class='ocrx_word' id='word_1_115' title='bbox 1409 2232 1493 2299; x_wconf 88' lang='lat' dir='ltr'><strong>ab</strong></span> <span class='ocrx_word' id='word_1_116' title='bbox 1534 2217 2037 2315; x_wconf 63' lang='lat' dir='ltr'><strong>⁴antiquissimis</strong></span> <span class='ocrx_word' id='word_1_117' title='bbox 2123 2234 2525 2317; x_wconf 87' lang='lat' dir='ltr'><strong>temporibus</strong></span> <span class='ocrx_word' id='word_1_118' title='bbox 2609 2254 2753 2299; x_wconf 84' lang='lat' dir='ltr'><strong>eam</strong></span> 
     </span>
     <span class='ocr_line' id='line_1_17' title="bbox 508 2344 2750 2431; baseline -0.001 -20"><span class='ocrx_word' id='word_1_119' title='bbox 508 2346 682 2431; x_wconf 87' lang='lat' dir='ltr'><strong>apud</strong></span> <span class='ocrx_word' id='word_1_120' title='bbox 723 2345 1050 2410; x_wconf 87' lang='lat' dir='ltr'><strong>Romanos</strong></span> <span class='ocrx_word' id='word_1_121' title='bbox 1095 2344 1422 2409; x_wconf 85' lang='lat' dir='ltr'><strong>exstitisse</strong></span> <span class='ocrx_word' id='word_1_122' title='bbox 1481 2348 1771 2425; x_wconf 89' lang='lat' dir='ltr'><strong>constat,</strong></span> <span class='ocrx_word' id='word_1_123' title='bbox 1840 2348 2058 2407; x_wconf 88' lang='lat' dir='ltr'><strong>tamen</strong></span> <span class='ocrx_word' id='word_1_124' title='bbox 2100 2348 2241 2408; x_wconf 93' lang='lat' dir='ltr'><strong>tum</strong></span> <span class='ocrx_word' id='word_1_125' title='bbox 2286 2348 2539 2409; x_wconf 88' lang='lat' dir='ltr'><strong>demum</strong></span> <span class='ocrx_word' id='word_1_126' title='bbox 2580 2344 2750 2427; x_wconf 84' lang='lat' dir='ltr'><strong>vige·</strong></span> 
     </span>
     <span class='ocr_line' id='line_1_18' title="bbox 507 2451 2751 2538; baseline -0.002 -17"><span class='ocrx_word' id='word_1_127' title='bbox 507 2477 683 2521; x_wconf 90' lang='lat' dir='ltr'><strong>scere</strong></span> <span class='ocrx_word' id='word_1_128' title='bbox 739 2461 805 2521; x_wconf 90' lang='lat' dir='ltr'><strong>et</strong></span> <span class='ocrx_word' id='word_1_129' title='bbox 848 2457 974 2521; x_wconf 92' lang='lat' dir='ltr'><strong>coli</strong></span> <span class='ocrx_word' id='word_1_130' title='bbox 1018 2459 1085 2519; x_wconf 90' lang='lat' dir='ltr'><strong>et</strong></span> <span class='ocrx_word' id='word_1_131' title='bbox 1129 2453 1214 2518; x_wconf 90' lang='lat' dir='ltr'><strong>ad</strong></span> <span class='ocrx_word' id='word_1_132' title='bbox 1271 2453 1559 2537; x_wconf 85' lang='lat' dir='ltr'><strong>aliquam</strong></span> <span class='ocrx_word' id='word_1_133' title='bbox 1617 2451 2083 2538; x_wconf 89' lang='lat' dir='ltr'><strong>perfectionem</strong></span> <span class='ocrx_word' id='word_1_134' title='bbox 2126 2459 2193 2519; x_wconf 91' lang='lat' dir='ltr'><strong>et</strong></span> <span class='ocrx_word' id='word_1_135' title='bbox 2235 2454 2549 2519; x_wconf 89' lang='lat' dir='ltr'><strong>honorem</strong></span> <span class='ocrx_word' id='word_1_136' title='bbox 2607 2473 2751 2536; x_wconf 90' lang='lat' dir='ltr'><strong>per-</strong></span> 
     </span>
     <span class='ocr_line' id='line_1_19' title="bbox 502 2562 2753 2648; baseline -0.001 -18"><span class='ocrx_word' id='word_1_137' title='bbox 502 2565 722 2631; x_wconf 87' lang='lat' dir='ltr'><strong>venire</strong></span> <span class='ocrx_word' id='word_1_138' title='bbox 780 2572 848 2630; x_wconf 90' lang='lat' dir='ltr'><strong>et</strong></span> <span class='ocrx_word' id='word_1_139' title='bbox 903 2565 1139 2631; x_wconf 89' lang='lat' dir='ltr'><strong>litteris</strong></span> <span class='ocrx_word' id='word_1_140' title='bbox 1197 2564 1497 2629; x_wconf 88' lang='lat' dir='ltr'><strong>mandari</strong></span> <span class='ocrx_word' id='word_1_141' title='bbox 1553 2570 1780 2646; x_wconf 89' lang='lat' dir='ltr'><strong>coepta</strong></span> <span class='ocrx_word' id='word_1_142' title='bbox 1837 2570 1967 2648; x_wconf 84' lang='lat' dir='ltr'><strong>est,</strong></span> <span class='ocrx_word' id='word_1_143' title='bbox 2026 2584 2171 2629; x_wconf 91' lang='lat' dir='ltr'><strong>cum</strong></span> <span class='ocrx_word' id='word_1_144' title='bbox 2226 2564 2447 2629; x_wconf 86' lang='lat' dir='ltr'><strong>Livius</strong></span> <span class='ocrx_word' id='word_1_145' title='bbox 2502 2562 2753 2646; x_wconf 85' lang='lat' dir='ltr'><strong>Andro-</strong></span> 
     </span>
     <span class='ocr_line' id='line_1_20' title="bbox 501 2672 2747 2758; baseline -0 -18"><span class='ocrx_word' id='word_1_146' title='bbox 501 2675 685 2741; x_wconf 91' lang='lat' dir='ltr'><strong>nicus</strong></span> <span class='ocrx_word' id='word_1_147' title='bbox 746 2676 1010 2742; x_wconf 86' lang='lat' dir='ltr'><strong>Graecis</strong></span> <span class='ocrx_word' id='word_1_148' title='bbox 1069 2673 1307 2740; x_wconf 87' lang='lat' dir='ltr'><strong>fabulis</strong></span> <span class='ocrx_word' id='word_1_149' title='bbox 1381 2680 1449 2739; x_wconf 89' lang='lat' dir='ltr'><strong>et</strong></span> <span class='ocrx_word' id='word_1_150' title='bbox 1502 2674 1889 2739; x_wconf 85' lang='lat' dir='ltr'><strong>carminibus</strong></span> <span class='ocrx_word' id='word_1_151' title='bbox 1945 2675 2016 2738; x_wconf 92' lang='lat' dir='ltr'><strong>in</strong></span> <span class='ocrx_word' id='word_1_152' title='bbox 2084 2674 2376 2758; x_wconf 89' lang='lat' dir='ltr'><strong>linguam</strong></span> <span class='ocrx_word' id='word_1_153' title='bbox 2440 2672 2747 2739; x_wconf 87' lang='lat' dir='ltr'><strong>Latinam</strong></span> 
     </span>
     <span class='ocr_line' id='line_1_21' title="bbox 506 2784 2747 2881; baseline 0 -31"><span class='ocrx_word' id='word_1_154' title='bbox 506 2788 828 2852; x_wconf 87' lang='lat' dir='ltr'><strong>conversis</strong></span> <span class='ocrx_word' id='word_1_155' title='bbox 887 2792 1116 2881; x_wconf 77' lang='lat' dir='ltr'><strong>auctor</strong></span> <span class='ocrx_word' id='word_1_156' title='bbox 1171 2785 1361 2869; x_wconf 88' lang='lat' dir='ltr'><strong>quasi</strong></span> <span class='ocrx_word' id='word_1_157' title='bbox 1418 2785 1625 2851; x_wconf 86' lang='lat' dir='ltr'><strong>omnis</strong></span> <span class='ocrx_word' id='word_1_158' title='bbox 1682 2784 2093 2849; x_wconf 87' lang='lat' dir='ltr'><strong>litteraturae</strong></span> <span class='ocrx_word' id='word_1_159' title='bbox 2149 2785 2479 2850; x_wconf 88' lang='lat' dir='ltr'><strong>Romanae</strong></span> <span class='ocrx_word' id='word_1_160' title='bbox 2534 2785 2747 2850; x_wconf 84' lang='lat' dir='ltr'><strong>factus</strong></span> 
     </span>
     <span class='ocr_line' id='line_1_22' title="bbox 503 2893 2748 2980; baseline -0.001 -19"><span class='ocrx_word' id='word_1_161' title='bbox 503 2901 620 2961; x_wconf 88' lang='lat' dir='ltr'><strong>est.</strong></span> <span class='ocrx_word' id='word_1_162' title='bbox 708 2896 914 2973; x_wconf 85' lang='lat' dir='ltr'><strong>Quam</strong></span> <span class='ocrx_word' id='word_1_163' title='bbox 959 2896 1039 2961; x_wconf 96' lang='lat' dir='ltr'><strong>ob</strong></span> <span class='ocrx_word' id='word_1_164' title='bbox 1088 2916 1351 2959; x_wconf 88' lang='lat' dir='ltr'><strong>causam</strong></span> <span class='ocrx_word' id='word_1_165' title='bbox 1396 2893 1556 2976; x_wconf 90' lang='lat' dir='ltr'><strong>quid</strong></span> <span class='ocrx_word' id='word_1_166' title='bbox 1597 2894 2039 2979; x_wconf 79' lang='lat' dir='ltr'><strong>verisimilius,</strong></span> <span class='ocrx_word' id='word_1_167' title='bbox 2100 2917 2297 2978; x_wconf 90' lang='lat' dir='ltr'><strong>quam</strong></span> <span class='ocrx_word' id='word_1_168' title='bbox 2340 2903 2412 2961; x_wconf 89' lang='lat' dir='ltr'><strong>ut</strong></span> <span class='ocrx_word' id='word_1_169' title='bbox 2452 2896 2748 2980; x_wconf 88' lang='lat' dir='ltr'><strong>Romani,</strong></span> 
     </span>
     <span class='ocr_line' id='line_1_23' title="bbox 506 3005 2745 3089; baseline -0.001 -19"><span class='ocrx_word' id='word_1_170' title='bbox 506 3027 673 3088; x_wconf 90' lang='lat' dir='ltr'><strong>quae</strong></span> <span class='ocrx_word' id='word_1_171' title='bbox 733 3028 773 3070; x_wconf 89' lang='lat' dir='ltr'><strong>a</strong></span> <span class='ocrx_word' id='word_1_172' title='bbox 817 3006 1081 3071; x_wconf 83' lang='lat' dir='ltr'><strong>Graecis</strong></span> <span class='ocrx_word' id='word_1_173' title='bbox 1131 3007 1394 3070; x_wconf 85' lang='lat' dir='ltr'><strong>inventa</strong></span> <span class='ocrx_word' id='word_1_174' title='bbox 1446 3009 1512 3070; x_wconf 90' lang='lat' dir='ltr'><strong>et</strong></span> <span class='ocrx_word' id='word_1_175' title='bbox 1571 3005 1655 3069; x_wconf 90' lang='lat' dir='ltr'><strong>ad</strong></span> <span class='ocrx_word' id='word_1_176' title='bbox 1715 3026 2030 3070; x_wconf 89' lang='lat' dir='ltr'><strong>summam</strong></span> <span class='ocrx_word' id='word_1_177' title='bbox 2089 3005 2224 3070; x_wconf 89' lang='lat' dir='ltr'><strong>fere</strong></span> <span class='ocrx_word' id='word_1_178' title='bbox 2282 3005 2745 3089; x_wconf 89' lang='lat' dir='ltr'><strong>perfectionem</strong></span> 
     </span>
     <span class='ocr_line' id='line_1_24' title="bbox 504 3114 2751 3200; baseline 0.001 -23"><span class='ocrx_word' id='word_1_179' title='bbox 504 3115 816 3196; x_wconf 88' lang='lat' dir='ltr'><strong>perducta</strong></span> <span class='ocrx_word' id='word_1_180' title='bbox 874 3120 1124 3200; x_wconf 88' lang='lat' dir='ltr'><strong>essent,</strong></span> <span class='ocrx_word' id='word_1_181' title='bbox 1186 3137 1263 3179; x_wconf 89' lang='lat' dir='ltr'><strong>ea</strong></span> <span class='ocrx_word' id='word_1_182' title='bbox 1321 3115 1515 3180; x_wconf 89' lang='lat' dir='ltr'><strong>simul</strong></span> <span class='ocrx_word' id='word_1_183' title='bbox 1572 3136 1719 3181; x_wconf 92' lang='lat' dir='ltr'><strong>cum</strong></span> <span class='ocrx_word' id='word_1_184' title='bbox 1778 3114 2030 3180; x_wconf 86' lang='lat' dir='ltr'><strong>fabulis</strong></span> <span class='ocrx_word' id='word_1_185' title='bbox 2063 3116 2223 3200; x_wconf 92' lang='lat' dir='ltr'><strong>ipsis</strong></span> <span class='ocrx_word' id='word_1_186' title='bbox 2269 3115 2640 3198; x_wconf 90' lang='lat' dir='ltr'><strong>acceperint</strong></span> <span class='ocrx_word' id='word_1_187' title='bbox 2684 3121 2751 3179; x_wconf 92' lang='lat' dir='ltr'><strong>et</strong></span> 
     </span>
     <span class='ocr_line' id='line_1_25' title="bbox 504 3218 2842 3310; baseline 0.001 -24"><span class='ocrx_word' id='word_1_188' title='bbox 504 3222 822 3288; x_wconf 89' lang='lat' dir='ltr'><strong>imitando</strong></span> <span class='ocrx_word' id='word_1_189' title='bbox 880 3226 1068 3305; x_wconf 86' lang='lat' dir='ltr'><strong>quasi</strong></span> <span class='ocrx_word' id='word_1_190' title='bbox 1121 3247 1240 3292; x_wconf 90' lang='lat' dir='ltr'><strong>sua</strong></span> <span class='ocrx_word' id='word_1_191' title='bbox 1283 3218 1602 3290; x_wconf 82' lang='lat' dir='ltr'><strong>fecerint?</strong></span> <span class='ocrx_word' id='word_1_192' title='bbox 1691 3223 1817 3290; x_wconf 88' lang='lat' dir='ltr'><strong>Sed</strong></span> <span class='ocrx_word' id='word_1_193' title='bbox 1871 3226 2162 3309; x_wconf 84' lang='lat' dir='ltr'><strong>quamvis</strong></span> <span class='ocrx_word' id='word_1_194' title='bbox 2216 3225 2566 3291; x_wconf 88' lang='lat' dir='ltr'><strong>verisimile</strong></span> <span class='ocrx_word' id='word_1_195' title='bbox 2625 3225 2750 3291; x_wconf 94' lang='lat' dir='ltr'><strong>hoc</strong></span> <span class='ocrx_word' id='word_1_196' title='bbox 2835 3301 2842 3310; x_wconf 14' lang='lat' dir='ltr'>N</span> 
     </span>
     <span class='ocr_line' id='line_1_26' title="bbox 501 3331 2748 3418; baseline 0.002 -22"><span class='ocrx_word' id='word_1_197' title='bbox 501 3331 708 3398; x_wconf 88' lang='lat' dir='ltr'><strong>videri</strong></span> <span class='ocrx_word' id='word_1_198' title='bbox 765 3334 999 3418; x_wconf 81' lang='lat' dir='ltr'><strong>possit,</strong></span> <span class='ocrx_word' id='word_1_199' title='bbox 1061 3339 1279 3399; x_wconf 87' lang='lat' dir='ltr'><strong>tamen</strong></span> <span class='ocrx_word' id='word_1_200' title='bbox 1332 3358 1462 3402; x_wconf 88' lang='lat' dir='ltr'><strong>non</strong></span> <span class='ocrx_word' id='word_1_201' title='bbox 1522 3335 1784 3401; x_wconf 91' lang='lat' dir='ltr'><strong>omnino</strong></span> <span class='ocrx_word' id='word_1_202' title='bbox 1837 3336 1933 3399; x_wconf 91' lang='lat' dir='ltr'><strong>ita</strong></span> <span class='ocrx_word' id='word_1_203' title='bbox 1984 3334 2109 3401; x_wconf 90' lang='lat' dir='ltr'><strong>hoc</strong></span> <span class='ocrx_word' id='word_1_204' title='bbox 2165 3334 2413 3402; x_wconf 84' lang='lat' dir='ltr'><strong>factum</strong></span> <span class='ocrx_word' id='word_1_205' title='bbox 2472 3356 2610 3401; x_wconf 90' lang='lat' dir='ltr'><strong>esse</strong></span> <span class='ocrx_word' id='word_1_206' title='bbox 2669 3356 2748 3400; x_wconf 85' lang='lat' dir='ltr'><strong>ex</strong></span> 
     </span>
     <span class='ocr_line' id='line_1_27' title="bbox 501 3444 2818 3531; baseline 0.002 -25"><span class='ocrx_word' id='word_1_207' title='bbox 501 3444 881 3509; x_wconf 89' lang='lat' dir='ltr'><strong>certissimis</strong></span> <span class='ocrx_word' id='word_1_208' title='bbox 940 3448 1231 3509; x_wconf 86' lang='lat' dir='ltr'><strong>veterum</strong></span> <span class='ocrx_word' id='word_1_209' title='bbox 1296 3446 1688 3511; x_wconf 88' lang='lat' dir='ltr'><strong>testimoniis</strong></span> <span class='ocrx_word' id='word_1_210' title='bbox 1756 3447 2055 3530; x_wconf 87' lang='lat' dir='ltr'><strong>cognosci</strong></span> <span class='ocrx_word' id='word_1_211' title='bbox 2114 3452 2362 3531; x_wconf 81' lang='lat' dir='ltr'><strong>potest,</strong></span> <span class='ocrx_word' id='word_1_212' title='bbox 2434 3452 2501 3511; x_wconf 94' lang='lat' dir='ltr'><strong>et</strong></span> <span class='ocrx_word' id='word_1_213' title='bbox 2572 3451 2747 3511; x_wconf 90' lang='lat' dir='ltr'><strong>certe</strong></span> <span class='ocrx_word' id='word_1_214' title='bbox 2809 3483 2818 3490; x_wconf 37' lang='grc' dir='ltr'><strong><em>ι</em></strong></span> 
     </span>
     <span class='ocr_line' id='line_1_28' title="bbox 500 3554 2750 3641; baseline 0.001 -23"><span class='ocrx_word' id='word_1_215' title='bbox 500 3560 680 3637; x_wconf 85' lang='lat' dir='ltr'><strong>sunt,</strong></span> <span class='ocrx_word' id='word_1_216' title='bbox 739 3554 821 3619; x_wconf 90' lang='lat' dir='ltr'><strong>de</strong></span> <span class='ocrx_word' id='word_1_217' title='bbox 880 3554 1115 3638; x_wconf 88' lang='lat' dir='ltr'><strong>quibus</strong></span> <span class='ocrx_word' id='word_1_218' title='bbox 1172 3556 1359 3621; x_wconf 88' lang='lat' dir='ltr'><strong>valde</strong></span> <span class='ocrx_word' id='word_1_219' title='bbox 1420 3556 1816 3641; x_wconf 86' lang='lat' dir='ltr'><strong>disceptetur</strong></span> <span class='ocrx_word' id='word_1_220' title='bbox 1875 3577 1914 3621; x_wconf 87' lang='lat' dir='ltr'><strong>a</strong></span> <span class='ocrx_word' id='word_1_221' title='bbox 1969 3557 2123 3622; x_wconf 80' lang='lat' dir='ltr'><strong>viris</strong></span> <span class='ocrx_word' id='word_1_222' title='bbox 2179 3556 2421 3641; x_wconf 75' lang='lat' dir='ltr'><strong>doctiS‚</strong></span> <span class='ocrx_word' id='word_1_223' title='bbox 2495 3579 2653 3622; x_wconf 89' lang='lat' dir='ltr'><strong>num</strong></span> <span class='ocrx_word' id='word_1_224' title='bbox 2708 3577 2750 3621; x_wconf 88' lang='lat' dir='ltr'><strong>a</strong></span> 
     </span>
     <span class='ocr_line' id='line_1_29' title="bbox 499 3662 2745 3733; baseline 0.002 -5"><span class='ocrx_word' id='word_1_225' title='bbox 499 3662 769 3730; x_wconf 86' lang='lat' dir='ltr'><strong>Graecis</strong></span> <span class='ocrx_word' id='word_1_226' title='bbox 826 3665 914 3732; x_wconf 90' lang='lat' dir='ltr'><strong>ad</strong></span> <span class='ocrx_word' id='word_1_227' title='bbox 968 3666 1297 3732; x_wconf 86' lang='lat' dir='ltr'><strong>Romanos</strong></span> <span class='ocrx_word' id='word_1_228' title='bbox 1352 3666 1676 3731; x_wconf 86' lang='lat' dir='ltr'><strong>translata</strong></span> <span class='ocrx_word' id='word_1_229' title='bbox 1731 3667 1864 3731; x_wconf 89' lang='lat' dir='ltr'><strong>sint</strong></span> <span class='ocrx_word' id='word_1_230' title='bbox 1920 3662 2139 3733; x_wconf 87' lang='lat' dir='ltr'><strong>necne.</strong></span> <span class='ocrx_word' id='word_1_231' title='bbox 2228 3666 2334 3732; x_wconf 88' lang='lat' dir='ltr'><strong>Sic</strong></span> <span class='ocrx_word' id='word_1_232' title='bbox 2391 3668 2470 3731; x_wconf 94' lang='lat' dir='ltr'><strong>de</strong></span> <span class='ocrx_word' id='word_1_233' title='bbox 2531 3666 2745 3732; x_wconf 88' lang='lat' dir='ltr'><strong>didas-</strong></span> 
     </span>
     <span class='ocr_line' id='line_1_30' title="bbox 497 3774 2744 3859; baseline 0.001 -21"><span class='ocrx_word' id='word_1_234' title='bbox 497 3774 713 3859; x_wconf 79' lang='lat' dir='ltr'><strong>caliiS,</strong></span> <span class='ocrx_word' id='word_1_235' title='bbox 774 3796 920 3839; x_wconf 92' lang='lat' dir='ltr'><strong>cum</strong></span> <span class='ocrx_word' id='word_1_236' title='bbox 977 3775 1091 3841; x_wconf 90' lang='lat' dir='ltr'><strong>alii</strong></span> <span class='ocrx_word' id='word_1_237' title='bbox 1134 3776 1309 3842; x_wconf 88' lang='lat' dir='ltr'><strong>hunc</strong></span> <span class='ocrx_word' id='word_1_238' title='bbox 1362 3797 1608 3841; x_wconf 91' lang='lat' dir='ltr'><strong>morem</strong></span> <span class='ocrx_word' id='word_1_239' title='bbox 1651 3777 1978 3843; x_wconf 90' lang='lat' dir='ltr'><strong>Romanos</strong></span> <span class='ocrx_word' id='word_1_240' title='bbox 2025 3797 2064 3841; x_wconf 89' lang='lat' dir='ltr'><strong>a</strong></span> <span class='ocrx_word' id='word_1_241' title='bbox 2109 3777 2375 3842; x_wconf 83' lang='lat' dir='ltr'><strong>Graecis</strong></span> <span class='ocrx_word' id='word_1_242' title='bbox 2421 3776 2744 3859; x_wconf 89' lang='lat' dir='ltr'><strong>accepisse</strong></span> 
     </span>
     <span class='ocr_line' id='line_1_31' title="bbox 495 3885 2746 3971; baseline 0.001 -23"><span class='ocrx_word' id='word_1_243' title='bbox 495 3888 824 3969; x_wconf 84' lang='lat' dir='ltr'><strong>statuant,</strong></span> <span class='ocrx_word' id='word_1_244' title='bbox 884 3885 998 3950; x_wconf 90' lang='lat' dir='ltr'><strong>alii</strong></span> <span class='ocrx_word' id='word_1_245' title='bbox 1041 3906 1309 3971; x_wconf 90' lang='lat' dir='ltr'><strong>prorsus</strong></span> <span class='ocrx_word' id='word_1_246' title='bbox 1350 3891 1622 3970; x_wconf 85' lang='lat' dir='ltr'><strong>negent3</strong></span> <span class='ocrx_word' id='word_1_247' title='bbox 1698 3892 1896 3968; x_wconf 88' lang='lat' dir='ltr'><strong>atque</strong></span> <span class='ocrx_word' id='word_1_248' title='bbox 1939 3888 2008 3950; x_wconf 94' lang='lat' dir='ltr'><strong>in</strong></span> <span class='ocrx_word' id='word_1_249' title='bbox 2052 3886 2177 3951; x_wconf 88' lang='lat' dir='ltr'><strong>hac</strong></span> <span class='ocrx_word' id='word_1_250' title='bbox 2220 3887 2600 3969; x_wconf 84' lang='lat' dir='ltr'><strong>quaestione</strong></span> <span class='ocrx_word' id='word_1_251' title='bbox 2643 3885 2746 3951; x_wconf 91' lang='lat' dir='ltr'><strong>his</strong></span> 
     </span>
     <span class='ocr_line' id='line_1_32' title="bbox 496 3994 2747 4078; baseline 0.001 -20"><span class='ocrx_word' id='word_1_252' title='bbox 496 3995 982 4061; x_wconf 88' lang='lat' dir='ltr'><strong>assentiendum</strong></span> <span class='ocrx_word' id='word_1_253' title='bbox 1026 4016 1167 4061; x_wconf 90' lang='lat' dir='ltr'><strong>esse</strong></span> <span class='ocrx_word' id='word_1_254' title='bbox 1210 3996 1420 4061; x_wconf 90' lang='lat' dir='ltr'><strong>credo.</strong></span> <span class='ocrx_word' id='word_1_255' title='bbox 1508 3994 1674 4059; x_wconf 88' lang='lat' dir='ltr'><strong>Nam</strong></span> <span class='ocrx_word' id='word_1_256' title='bbox 1722 3995 1897 4078; x_wconf 92' lang='lat' dir='ltr'><strong>quod</strong></span> <span class='ocrx_word' id='word_1_257' title='bbox 1940 4017 2152 4078; x_wconf 92' lang='lat' dir='ltr'><strong>neque</strong></span> <span class='ocrx_word' id='word_1_258' title='bbox 2194 3996 2320 4062; x_wconf 92' lang='lat' dir='ltr'><strong>hoc</strong></span> <span class='ocrx_word' id='word_1_259' title='bbox 2359 3994 2747 4063; x_wconf 86' lang='lat' dir='ltr'><strong>vocabulum</strong></span> 
     </span>
     <span class='ocr_line' id='line_1_33' title="bbox 496 4095 2747 4191; baseline 0.002 -23"><span class='ocrx_word' id='word_1_260' title='bbox 496 4101 708 4188; x_wconf 70' lang='lat' dir='ltr'><strong>neque</strong></span> <span class='ocrx_word' id='word_1_261' title='bbox 752 4095 959 4189; x_wconf 86' lang='lat' dir='ltr'><strong>aliud,</strong></span> <span class='ocrx_word' id='word_1_262' title='bbox 1005 4104 1180 4189; x_wconf 91' lang='lat' dir='ltr'><strong>quod</strong></span> <span class='ocrx_word' id='word_1_263' title='bbox 1225 4105 1496 4172; x_wconf 90' lang='lat' dir='ltr'><strong>eandem</strong></span> <span class='ocrx_word' id='word_1_264' title='bbox 1540 4127 1678 4170; x_wconf 88' lang='lat' dir='ltr'><strong>rem</strong></span> <span class='ocrx_word' id='word_1_265' title='bbox 1709 4104 2048 4189; x_wconf 84' lang='lat' dir='ltr'><strong>significet,</strong></span> <span class='ocrx_word' id='word_1_266' title='bbox 2085 4106 2363 4170; x_wconf 90' lang='lat' dir='ltr'><strong>Romani</strong></span> <span class='ocrx_word' id='word_1_267' title='bbox 2399 4104 2747 4191; x_wconf 84' lang='lat' dir='ltr'><strong>habebant,</strong></span> 
     </span>
     <span class='ocr_line' id='line_1_34' title="bbox 501 4213 2747 4300; baseline 0.001 -21"><span class='ocrx_word' id='word_1_268' title='bbox 501 4221 676 4281; x_wconf 90' lang='lat' dir='ltr'><strong>certe</strong></span> <span class='ocrx_word' id='word_1_269' title='bbox 723 4215 1015 4300; x_wconf 87' lang='lat' dir='ltr'><strong>aliquam</strong></span> <span class='ocrx_word' id='word_1_270' title='bbox 1058 4216 1187 4281; x_wconf 81' lang='lat' dir='ltr'><strong>vim</strong></span> <span class='ocrx_word' id='word_1_271' title='bbox 1231 4216 1817 4300; x_wconf 84' lang='lat' dir='ltr'><strong>argumentationis</strong></span> <span class='ocrx_word' id='word_1_272' title='bbox 1844 4215 2061 4281; x_wconf 86' lang='lat' dir='ltr'><strong>habet.</strong></span> <span class='ocrx_word' id='word_1_273' title='bbox 2109 4213 2238 4280; x_wconf 86' lang='lat' dir='ltr'><strong>Sed</strong></span> <span class='ocrx_word' id='word_1_274' title='bbox 2268 4214 2540 4300; x_wconf 79' lang='lat' dir='ltr'><strong>accedit,</strong></span> <span class='ocrx_word' id='word_1_275' title='bbox 2570 4215 2747 4299; x_wconf 91' lang='lat' dir='ltr'><strong>quod</strong></span> 
     </span>
    </p>
   </div>
   <div class='ocr_carea' id='block_1_8' title="bbox 455 4324 2746 4411">
    <p class='ocr_par' dir='ltr' id='par_1_8' title="bbox 455 4324 2746 4411">
     <span class='ocr_line' id='line_1_35' title="bbox 455 4324 2746 4411; baseline -0.001 -18"><span class='ocrx_word' id='word_1_276' title='bbox 455 4341 469 4352; x_wconf 74' lang='grc'><strong>“</strong></span> <span class='ocrx_word' id='word_1_277' title='bbox 496 4326 760 4393; x_wconf 89' lang='lat' dir='ltr'><strong>omnino</strong></span> <span class='ocrx_word' id='word_1_278' title='bbox 821 4324 1232 4393; x_wconf 87' lang='lat' dir='ltr'><strong>condiciones</strong></span> <span class='ocrx_word' id='word_1_279' title='bbox 1290 4326 1387 4391; x_wconf 92' lang='lat' dir='ltr'><strong>rei</strong></span> <span class='ocrx_word' id='word_1_280' title='bbox 1448 4327 1781 4393; x_wconf 88' lang='lat' dir='ltr'><strong>scaenicae</strong></span> <span class='ocrx_word' id='word_1_281' title='bbox 1836 4347 1969 4392; x_wconf 91' lang='lat' dir='ltr'><strong>non</strong></span> <span class='ocrx_word' id='word_1_282' title='bbox 2027 4325 2295 4391; x_wconf 88' lang='lat' dir='ltr'><strong>eaedem</strong></span> <span class='ocrx_word' id='word_1_283' title='bbox 2338 4330 2527 4390; x_wconf 89' lang='lat' dir='ltr'><strong>erant</strong></span> <span class='ocrx_word' id='word_1_284' title='bbox 2568 4325 2746 4411; x_wconf 86' lang='lat' dir='ltr'><strong>apud</strong></span> 
     </span>
    </p>
   </div>
   <div class='ocr_carea' id='block_1_9' title="bbox 2262 4425 2337 4484">
    <p class='ocr_par' dir='ltr' id='par_1_9' title="bbox 2262 4425 2337 4484">
     <span class='ocr_line' id='line_1_36' title="bbox 2262 4425 2337 4484; baseline 0 -29"><span class='ocrx_word' id='word_1_285' title='bbox 2262 4425 2337 4484; x_wconf 54' lang='lat'><strong>2*</strong></span> 
     </span>
    </p>
   </div>
  </div>
 </body>
</html>
