3192 4967
1386 432 1808 499 -47—

478 628 608 672 non
652 607 937 691 potuisse
981 604 1204 688 video,
1264 606 1452 687 quin,
1513 604 1803 686 quamvis
1849 602 2152 688 gravibus
2198 605 2587 670 coniecturis
2634 602 2721 670 ad

479 718 991 782 emendationem
1062 716 1325 780 illarum
1362 714 1758 778 *litterarum
1815 714 2163 798 propositis
2179 763 2198 796 ,
2273 715 2343 779 in
2400 713 2719 779 Eunucho

473 826 837 892 Phaedriae
881 831 1097 909 partes
1141 826 1308 890 inter
1353 824 1514 889 duos
1561 831 1814 892 actores
1860 824 2296 889 distribueret.

642 936 767 1001 Sed
847 956 993 999 cum
1057 934 1333 999 Romani
1403 935 1473 999 in
1553 920 2015 999 distributione
2091 953 2515 1016 personarum
2589 955 2721 998 non

476 1047 737 1112 omnino
792 1045 1190 1110 Graecorum
1245 1064 1489 1110 morem
1546 1045 1873 1129 accepisse
1916 1044 2288 1124 videantur,
2348 1048 2558 1106 restat
2611 1043 2720 1106 ad‘-

474 1155 603 1220 huc
663 1155 1142 1237 explicandum,
1204 1175 1400 1237 quam
1459 1154 1872 1237 potissimum
1928 1152 2251 1217 rationem
2310 1153 2377 1216 in
2423 1153 2719 1235 personis

477 1265 944 1330 distribuendis
1010 1265 1218 1330 secuti
1279 1265 1425 1328 sint.
1513 1263 1681 1328 Nam
1746 1285 1890 1328 cum
1962 1263 2030 1326 in
2105 1282 2183 1326 ea
2240 1262 2722 1345 distributione,

478 1395 672 1457 quam
714 1376 973 1440 exhibet
994 1374 1342 1438 Bembinus
1360 1424 1378 1457 ,
1424 1374 1589 1437 nihil
1634 1374 1891 1440 obvium
1937 1374 2057 1456 sit,
2104 1373 2264 1454 quin
2308 1372 2479 1438 idem
2513 1377 2719 1457 actor,

476 1486 588 1568 qui
632 1486 700 1550 in
744 1486 976 1549 ceteris
1021 1485 1270 1548 scaenis
1314 1482 1621 1547 Lachetis
1665 1503 2011 1567 personam
2059 1484 2212 1566 egit,
2259 1501 2400 1546 eam
2443 1483 2513 1546 in
2556 1481 2639 1584 JI,
2686 1484 2717 1546 1

477 1600 544 1658 et
571 1594 653 1678 II,
688 1596 727 1657 52
776 1615 1034 1676 quoque
1078 1593 1410 1675 suscipiat,
1476 1593 1710 1658 eodem·
1747 1598 1963 1656 autem
2006 1593 2198 1658 modo
2244 1592 2313 1655 in
2358 1592 2721 1662 Victoriani

478 1701 942 1769 distributione
999 1704 1113 1767 uni
1172 1702 1380 1766 actori
1429 1703 1736 1770 Lachetis
1794 1723 2076 1786 persona
2135 1700 2338 1766 tribui
2379 1700 2718 1785 potuisset,

484 1814 643 1896 quid
684 1820 932 1877 veteres
977 1813 1062 1877 ad
1104 1812 1286 1877 illam
1332 1812 1853 1878 distributionem
1898 1811 2285 1877 commovit?

644 1923 715 1989 Si
737 1944 1039 1986 versuum
1083 1944 1406 2005 numerQS,
1452 1922 1727 2006 singulis
1772 1921 2101 1987 actoribus
2133 1921 2265 1986 illis
2295 1893 2722 2006 personarum

475 2031 1040 2098 distributionibus
1099 2032 1169 2095 in
1229 2032 1481 2117 Hecyra
1540 2031 1817 2097 tributos
1874 2034 2046 2096 inter
2104 2052 2171 2096 se
2226 2033 2720 2116 comparaveriS,

474 2142 763 2206 invenies
820 2143 1010 2225 longe
1070 2144 1385 2209 maximas
1429 2147 1655 2225 partes
1714 2144 1807 2207 eis
1854 2141 2220 2225 actoribuS,
2281 2144 2395 2225 qui
2438 2151 2501 2205 Α
2548 2148 2611 2210 01
2643 2129 2721 2205 ’Β

472 2252 715 2318 litteris
758 2251 1231 2335 significantur,
1277 2252 1549 2317 tributas
1594 2273 1753 2337 esse,
1800 2273 2061 2338 eosque,
2107 2262 2302 2335 quam
2347 2252 2721 2335 saepissime

472 2361 613 2426 fieri
655 2363 902 2446 potuit,
964 2363 1033 2427 in
1078 2382 1380 2427 scaenam
1430 2363 1707 2443 prodire.
1797 2364 2040 2428 Eadem
2055 2368 2301 2442 &autem
2343 2354 2447 2427 res
2494 2382 2572 2426 ex
2615 2362 2719 2427 111-

472 2472 633 2535 teris
682 2471 945 2538 Graecis
1000 2472 1086 2537 ad
1145 2480 1389 2538 ceteras
1449 2471 1707 2539 fabulas
1773 2472 2218 2555 spectantibus
2278 2473 2719 2556 consequitur,

473 2582 572 2646 ita
626 2587 702 2646 ut
759 2583 1119 2647 certissime
1177 2582 1479 2650 concludi
1536 2583 1783 2667 possit,
1864 2588 2112 2647 veteres
2171 2584 2500 2650 Romanos
2561 2603 2719 2650 non

459 2697 630 2777 ‚tam
674 2691 1138 2776 studuisse,
1173 2698 1263 2757 ut
1308 2691 1405 2757 ab
1449 2713 1605 2759 uno
1649 2700 1928 2758 actore
1955 2687 2490 2775 'unaquaeque
2523 2714 2719 2776 per-

474 2821 669 2872 sona
729 2802 1345 2887 susciperetur,
1406 2824 1643 2886 quam
1703 2808 1791 2870 ut
1845 2803 1997 2867 duo
2043 2802 2335 2894 optimi
2393 2808 2719 2869 actores

473 2932 710 2994 quam
756 2912 1262 2996 saepissime
1319 2914 1401 2978 in
1445 2933 1823 2978 scaenam
1882 2912 2313 2995 prodirent
2356 2918 2434 2977 et
2480 2933 2719 2995 quam

473 3022 864 3087 maximas
923 3028 1213 3106 partes
1274 3030 1638 3106 agerent
1730 3023 1926 3089 Cuius
1980 3022 2078 3086 rei
2130 3025 2301 3086 ratio
2359 3022 2429 3087 111
2488 3028 2717 3107 aperto

476 3135 575 3194 est
633 3150 844 3213 neque
888 3133 1290 3197 accuratiore
1350 3129 1904 3199 demonstratione
1947 3138 2113 3215 eget.
2200 3133 2341 3197 Hac
2383 3138 2601 3198 autem
2645 3155 2716 3198 re

475 3243 675 3305 etiam
745 3241 943 3325 illud,
1015 3242 1186 3306 unde
1254 3242 1534 3326 profecti
1594 3265 1849 3328 sumus,
1915 3243 2372 3325 explicandum
2430 3244 2717 3319 videtum

477 3350 785 3419 Lachetis
847 3350 1018 3416 enim
1062 3373 1340 3435 persona
1392 3354 1460 3416 in
1502 3353 1805 3419 Bembini
1863 3352 2326 3417 distributione
2372 3352 2453 3420 ab
2500 3361 2717 3419 actore

475 3461 545 3526 Γ
575 3462 800 3526 littera
844 3460 1210 3545 significato
1255 3463 1453 3526 etiam
1496 3462 1565 3527 111
1609 3463 1692 3547 11,
1742 3465 1773 3527 1
1796 3461 1799 3465 ’
1822 3468 1889 3526 01
1932 3462 2017 3546 II,
2062 3463 2101 3526 2
2147 3463 2388 3547 suscipi
2432 3470 2721 3552 poterat,

476 3570 591 3635 sed
647 3590 791 3635 cum
850 3573 1168 3638 secundus
1228 3572 1340 3637 ille
1399 3579 1582 3638 actor
1644 3573 1709 3636 B
1755 3573 1979 3637 littera
2036 3573 2435 3658 significatus
2493 3574 2562 3639 in
2621 3596 2715 3640 se—

477 3679 687 3746 cundo
734 3687 885 3745 actu
928 3680 998 3746 in
1042 3703 1345 3749 scaenam
1389 3704 1520 3747 non
1564 3683 1929 3768 prodiisset,
1972 3691 2237 3766 veteres,
2298 3686 2477 3754 illam
2517 3687 2715 3751 ratio-

474 3809 623 3855 nem
668 3791 737 3856 in
780 3790 1070 3874 personis
1131 3792 1596 3858 distribuendis
1641 3795 1880 3877 secuti,
1935 3794 2088 3858 huic
2130 3795 2437 3862 Lachetis
2492 3802 2713 3880 partes

384 3935 385 3938 1
474 3899 543 3964 111
589 3902 842 3967 duabus
884 3902 1016 3967 illis
1062 3902 1314 3969 scaenis
1359 3903 1743 3969 tribuerunt.

643 4011 985 4077 Sententia
1026 4032 1172 4077 mea
1213 4033 1359 4079 vero
1406 4013 1774 4079 confirmari
1814 4014 2069 4078 videtur
2114 4036 2225 4100 e0,
2286 4017 2462 4098 quod
2516 4022 2584 4081 et
2643 4023 2714 4083 in

477 4121 770 4187 omnibus
816 4106 1222 4207 didascaliis,
1265 4130 1530 4206 praeter
1574 4145 1748 4207 eam,
1809 4144 1975 4206 quae
2018 4124 2450 4194 Ambrosiano
2495 4128 2715 4193 codice

473 4229 724 4296 tradita
767 4238 886 4318 est,
932 4239 999 4297 et
1042 4234 1112 4298 in
1156 4234 1454 4298 omnibus
1483 4233 1728 4298 Donati
1754 4233 2273 4317 praefationibus
2303 4237 2429 4304 duo
2459 4243 2714 4308 actores
