3192 4967
1340 429 1765 494 -38-

437 599 649 666 hiberi
706 597 1023 665 Steffenus
1092 598 1253 664 dicit
1268 649 1287 682 ,
1360 619 1506 664 mea
1561 598 1884 665 sententia
1943 597 2207 664 omnino
2266 597 2685 665 desideratur.

438 709 606 776 Nam
650 713 795 775 cuin
851 732 931 775 ex
974 709 1188 775 verbis
1231 708 1633 794 „distributa
1685 715 1752 773 et
1812 710 2061 775 divisa“
2118 710 2481 775 sententiae
2533 708 2687 775 illae

437 821 640 904 „qui“
680 840 833 886 voce
877 820 1264 903 incipientes
1307 819 1588 904 pendere
1633 841 1764 885 11011
1809 819 2079 905 possint,
2125 821 2298 885 unde
2342 840 2452 885 eas
2493 824 2686 902 aptas

440 952 579 996 esse
623 930 1008 995 credamus?
1097 930 1223 995 Sed
1282 929 1560 994 fortasse
1621 952 1698 994 ex
1757 930 1887 996 alio
1943 929 2258 996 Euanthii
2301 931 2440 995 loco
2485 930 2686 997 etiam

437 1041 570 1107 illis
625 1041 837 1105 verbis
896 1040 1104 1105 lucem
1165 1039 1361 1104 affere
1420 1060 1782 1125 possumus.
1869 1041 1981 1124 Pg.
2026 1042 2174 1107 XIV
2224 1039 2469 1120 (Klotz)
2514 1042 2687 1106 enim

439 1150 601 1216 haec
654 1153 792 1216 eius
851 1157 1113 1215 exstant
1172 1149 1398 1214 verba:
1484 1150 1880 1234 „Comoedia
1949 1161 2131 1217 vetus
2195 1188 2281 1200 —
2351 1151 2433 1215 ab
2497 1151 2686 1215 initio

438 1261 675 1327 chorus
733 1261 861 1326 11111
913 1260 1363 1345 paulatimque
1421 1281 1848 1345 personarum
1921 1282 2186 1328 numero
2253 1263 2319 1326 in
2397 1261 2687 1345 quinque

440 1378 624 1437 actus
652 1371 1030 1455 processit.“
1085 1369 1302 1448 Quid?
1347 1371 1782 1436 Personarum
1826 1392 2116 1456 numero,
2159 1371 2281 1453 vel,
2323 1393 2469 1436 cum
2512 1370 2688 1455 apud

439 1481 561 1548 hos
605 1481 1065 1565 grammaticos
1110 1481 1475 1565 „persona“
1521 1501 1713 1564 saepe
1758 1480 1894 1546 fere
1938 1482 2110 1547 idem
2141 1481 2459 1565 significet
2487 1487 2686 1563 atque

439 1594 726 1676 „actor“,
770 1599 1054 1658 actorum
1100 1611 1367 1656 numero
1413 1590 1482 1656 in
1527 1593 1816 1673 quinque
1862 1598 2045 1657 actus
2069 1591 2295 1657 fabula
2328 1591 2684 1673 processit?
2751 1581 2764 1590 ’

441 1702 587 1768 Non
632 1702 824 1770 aliter
866 1700 991 1766 hoc
1032 1700 1327 1784 intellegi
1370 1681 1625 1785 potest,
1674 1723 1868 1785 quam
1913 1708 1989 1768 111
2031 1707 2432 1785 statuamus,
2479 1722 2686 1784 gram-

441 1813 712 1879 maticos
754 1811 924 1896 illos,
970 1812 1139 1876 sicut
1183 1830 1375 1894 saepe
1421 1831 1530 1876 eos
1575 1812 1803 1877 fecisse
1848 1817 2125 1894 constat,
2171 1832 2252 1875 ex
2295 1811 2575 1878 externis
2619 1815 2687 1874 01

445 1921 736 1988 fortuitis
780 1921 974 1987 rebus
1019 1921 1100 1987 de
1145 1921 1367 2004 aliqua
1409 1921 2046 2003 1·eiudicanteS,cum
2075 1921 2411 2004 vidissent,
2440 1927 2689 1985 veteres

447 2035 734 2116 quinque
790 2052 941 2097 usos
1001 2052 1142 2096 esse
1197 2031 1520 2097 actoribus
1585 2031 1873 2115 itemque
1930 2031 2218 2097 fabulam
2275 2033 2344 2096 in
2403 2032 2690 2113 quinque

445 2149 630 2209 actus
673 2142 947 2208 divisam
991 2161 1149 2225 esse,
1196 2142 1470 2209 alteram
1516 2165 1595 2207 ex
1637 2143 1847 2206 altera
1887 2162 1959 2207 re
2003 2142 2328 2226 explicare
2353 2141 2690 2208 studuisse.

446 2255 516 2320 Si
560 2252 833 2318 eandem
874 2252 1008 2318 fere
1053 2274 1221 2335 rem,
1275 2253 1452 2336 quod
1493 2252 1601 2316 vix
1646 2252 1911 2317 dubium
1957 2273 2097 2316 esse
2141 2258 2389 2336 potest,
2451 2252 2521 2316 in
2564 2251 2692 2317 illis

444 2362 688 2448 verbis,
747 2383 915 2446 quae
968 2363 1460 2444 interpretanda
1518 2368 1704 2446 sunt,
1764 2363 1965 2427 latere
2025 2368 2091 2426 et
2144 2368 2446 2428 enarrata
2490 2360 2692 2426 fuisse

446 2474 816 2558 statuimus,
861 2474 1015 2538 talis
1060 2474 1382 2538 sententia
1426 2473 1661 2536 evadat
1704 2492 1963 2537 necesse
2000 2479 2120 2556 est,
2165 2493 2316 2556 qua,
2362 2471 2690 2537 actoribus

440 2585 797 2667 primarum
847 2582 1277 2649 secundarum
1322 2583 1665 2647 tertiarum
1712 2588 2095 2664 quartarum
2141 2583 2517 2665 quintarum
2564 2581 2689 2647 dis·

445 2692 707 2758 tributis
779 2696 976 2758 etiam
1055 2699 1265 2758 totam
1326 2692 1618 2758 fabulam
1675 2693 1742 2757 in
1800 2694 2088 2776 quinque
2143 2701 2360 2775 partes
2421 2692 2691 2757 divisam

448 2822 621 2884 esse,
681 2802 1114 2869 contineatur.
1205 2803 1363 2868 Cum
1406 2823 1556 2867 vero
1615 2824 1693 2867 ex
1734 2803 1948 2868 verbis
2007 2802 2270 2868 traditis
2317 2823 2525 2885 neque
2567 2801 2693 2867 hoc

448 2933 659 2995 neque
703 2911 886 2976 aliud
929 2911 1097 2976 effici
1141 2913 1380 2996 possit,
1444 2912 1613 2976 nihil
1655 2917 1898 2995 restat,
1959 2913 2086 2977 nisi
2141 2922 2211 2977 ut
2264 2934 2342 2977 ea
2386 2919 2692 2997 corrupta

448 3043 587 3088 0330
633 3028 997 3088 statuamus
1043 3028 1108 3087 01
1155 3022 1584 3087 emendemus.
1674 3021 2030 3087 Levissima
2056 3017 2274 3088 autem
2318 3030 2693 3089 correctura

448 3143 577 3218 est,
640 3135 698 3198 si
751 3134 1082 3215 particula
1139 3134 1339 3216 „et“
1400 3133 1640 3197 omissa
1696 3131 1798 3195 vel
1857 3133 1924 3197 in
1983 3133 2213 3217 „sic“
2273 3140 2529 3198 mutata
2569 3153 2689 3215 pro

447 3243 575 3328 „di
594 3265 623 3308 3
641 3250 713 3309 11
731 3242 812 3308 ib
827 3266 872 3308 u
889 3250 916 3306 t
935 3246 1018 3307 a“
1035 3243 1374 3308 scribimus
1392 3241 1479 3325 „d
1494 3244 1516 3306 i
1534 3249 1604 3307 st
1618 3265 1649 3305 r
1664 3243 1686 3306 i
1702 3241 1744 3306 b
1762 3264 1805 3307 u
1824 3248 1853 3307 t
1869 3243 1971 3327 o“,
1989 3244 2086 3309 ita
2101 3248 2177 3309 ut
2192 3265 2417 3309 sensus
2434 3244 2689 3328 evadat,

450 3354 598 3437 qui,
658 3351 712 3418 si
756 3360 1138 3438 reputamus
1183 3355 1504 3418 rationem
1548 3352 1727 3417 illius
1772 3355 2181 3435 grammatici
2223 3354 2307 3419 ad
2352 3374 2692 3420 numerum

449 3469 711 3546 actuum
755 3453 1210 3546 explicandum
1253 3461 1647 3544 adhibitam,
1691 3464 1949 3528 omnino
1994 3462 2146 3528 huic
2187 3464 2329 3530 loco
2374 3465 2690 3530 convenit.

618 3571 745 3636 Sed
787 3578 861 3635 ut
906 3573 991 3636 ad
1035 3571 1482 3654 quaestionem
1527 3572 1899 3636 institutam
1942 3573 2303 3656 redeamuS,
2348 3579 2693 3658 postquam

453 3681 900 3765 disputatione
943 3687 1172 3746 nostra
1214 3680 1316 3745 vel
1375 3681 1737 3746 ostendisse
1780 3682 1881 3746 vel
1941 3682 2282 3765 probabile
2333 3683 2694 3749 reddidisse

447 3798 752 3875 putamus
764 3844 782 3878 ,
842 3792 1215 3875 quinarium
1259 3812 1600 3856 numerum
1644 3812 1789 3856 cum
1833 3793 1902 3857 in
1945 3814 2115 3860 nova
2161 3794 2551 3860 Graecorum
2594 3812 2693 3857 co·

449 3902 707 3969 moedia
763 3911 898 3969 tum
962 3904 1030 3967 in
1088 3902 1384 3967 Romana
1453 3922 1584 3966 non
1642 3922 1967 3969 excessum
2032 3925 2206 3988 esse,
2277 3925 2411 3969 una
2480 3903 2693 3969 adhuc

448 4035 588 4096 res,
647 4013 1027 4097 priusquam
1073 4014 1158 4077 ad
1199 4034 1626 4097 personarum
1683 4019 1868 4079 notas
1921 4020 2361 4096 transeamuS,
2422 4034 2691 4079 comme·

452 4123 767 4188 moranda
824 4130 940 4188 est.
1029 4123 1343 4188 Consulto
1401 4124 1604 4205 enim,
1666 4144 1811 4186 cum
1872 4124 1950 4187 de
2009 4122 2277 4189 Steffeni
2322 4124 2696 4189 coniectura

451 4231 842 4314 diceremus,
905 4254 1036 4315 qua
1091 4238 1356 4317 praeter
1414 4233 1703 4313 quinque
1760 4232 1907 4297 illos
1966 4239 2217 4299 actores
2271 4235 2464 4299 etiam
2505 4254 2692 4317 para-
