3192 4967
1490 516 1914 588 -30—

581 686 975 755 Graecorum
1018 690 1351 755 comoedia
1394 690 1762 756 adhibitum
1809 691 2122 776 definivit,
2167 691 2363 776 idque
2405 691 2518 774 ita,
2561 693 2636 755 ut
2681 711 2827 756 cum

579 819 655 865 eo
712 799 1029 866 iaciamus
1090 806 1428 883 oporteat,
1487 800 1810 867 Steffenus
1866 802 2207 886 probabile
2261 802 2532 867 reddere
2586 801 2825 886 studet,

577 931 822 978 morem
860 909 1255 976 Graecorum
1300 912 1369 975 in
1414 909 1884 977 distribuendis
1929 912 2223 996 personis
2269 911 2643 977 traductum
2687 931 2827 976 esse

578 1019 663 1086 ad
706 1020 1047 1086 Romanos.
1138 1019 1264 1086 Sed
1307 1042 1451 1085 cum
1496 1022 1873 1088 testimonia
1916 1029 2241 1106 veterum,
2302 1042 2471 1106 quae
2531 1022 2825 1105 cognovi·

576 1153 734 1215 mus,
779 1131 841 1195 ei
886 1132 970 1196 ad
1001 1131 1284 1197 Graecos
1328 1136 1590 1197 tantum
1621 1138 1912 1215 spectare
1943 1132 2307 1215 videantur,
2352 1139 2615 1215 praeter
2646 1131 2829 1196 illam

577 1262 839 1306 causam
885 1265 926 1309 a
970 1240 1325 1308 Schmidtio
1384 1242 1689 1326 allatam,
1752 1264 1920 1326 quae
1963 1244 2176 1327 petita
2218 1250 2319 1308 est
2362 1262 2441 1308 ex
2485 1262 2591 1326 ec,
2652 1241 2828 1324 quod

577 1351 742 1415 nihil
784 1351 862 1417 de
905 1351 1028 1416 hac
1072 1373 1143 1416 re
1188 1352 1494 1419 tradatur
1526 1374 1567 1418 a
1598 1353 1937 1436 veteribus,
1983 1354 2117 1437 qui,
2162 1354 2220 1419 si
2262 1353 2390 1419 alio
2434 1351 2626 1418 modo
2666 1350 2830 1415 haec

577 1483 680 1526 res
729 1460 904 1545 apud
935 1460 1264 1529 Romanos
1298 1470 1490 1547 atque
1526 1464 1703 1548 apud
1724 1463 2006 1529 Graecos
2050 1463 2342 1530 instituta
2384 1461 2638 1546 fuisset,
2683 1482 2828 1527 eam

577 1593 709 1637 non
769 1572 1028 1637 silentio
1073 1573 1497 1654 praeterituri
1539 1573 1846 1658 fuissent,
1913 1581 2173 1657 praeter
2214 1572 2405 1657 hanc,
2467 1573 2630 1653 dico,
2674 1593 2821 1637 cau-

579 1702 752 1765 sam,
807 1681 984 1765 quod
1041 1681 1226 1748 affert
1268 1690 1442 1748 certe
1497 1684 1743 1749 nullam
1787 1685 1915 1748 vim
1974 1682 2557 1767 argumentationis
2601 1682 2823 1747 habet.

575 1791 749 1857 Dicit
790 1791 963 1856 enim
980 1793 1073 1878 *):
1159 1793 1388 1878 ,‚Tum,
1429 1815 1574 1858 cum
1619 1792 1846 1861 fabula
1892 1794 2140 1859 Graeca
2196 1792 2281 1857 ad
2322 1792 2649 1859 Romanos
2691 1799 2821 1858 tra·

575 1901 768 1967 ducta
826 1909 959 1986 est,
1018 1903 1282 1968 minime
1328 1902 1673 1969 verisimile
1728 1909 1855 1987 est,
1918 1908 2021 1968 tot
2077 1909 2330 1969 actores
2374 1923 2613 1985 eosque
2654 1900 2824 1967 bene

579 2013 920 2077 institutos
979 2014 1193 2096 poetis
1249 2012 1352 2077 vel
1404 2015 1626 2098 potius
1685 2013 1799 2096 eiS,
1859 2013 1973 2097 qui
2029 1991 2216 2078 ludos
2260 2011 2587 2078 scaenicos
2631 2011 2826 2078 facie·

576 2121 773 2207 bant,
833 2123 901 2186 in
963 2128 1271 2207 promptu
1328 2122 1562 2208 fuisse,
1624 2130 1786 2207 quot
1842 2124 1912 2188 in
1969 2143 2363 2207 unaquaque
2408 2121 2636 2189 fabula
2677 2143 2824 2206 per·

577 2253 773 2298 sonae
832 2231 1121 2316 agendae
1180 2241 1402 2308 erant3
1494 2234 1672 2317 quod
1727 2232 1783 2297 si
1851 2234 2052 2318 igitur
2106 2233 2340 2317 fiebat,
2420 2238 2494 2297 ut
2550 2254 2820 2299 numero

577 2348 873 2408 actorum
916 2347 1133 2407 certus
1164 2343 1433 2425 quidam
1475 2344 1706 2409 modus
1734 2345 2188 2428 imponeretur,
2236 2343 2409 2408 credi
2444 2343 2550 2407 vix
2579 2348 2820 2428 potest,

578 2458 811 2537 postea
852 2453 1026 2518 hunc
1069 2473 1313 2518 morem
1359 2455 1741 2519 evanuisse“
1812 2454 2021 2532 Quid?
2110 2452 2272 2519 Cum
2315 2455 2454 2538 ipse
2499 2453 2821 2519 Steffenus

579 2562 956 2646 ostenderit,
1003 2561 1291 2647 quinque
1314 2565 1576 2629 minime
1608 2545 1936 2631 actoribus
1960 2586 2123 2648 opus
2152 2565 2371 2650 fuisse,
2405 2585 2549 2629 cum
2572 2568 2821 2645 septem

580 2673 908 2738 adhibitos
953 2695 1092 2739 esse
1137 2675 1205 2738 in
1250 2674 1350 2757 iis,
1396 2695 1562 2756 quae
1607 2679 1990 2759 sequuntur,
2015 2675 2293 2758 probare
2317 2674 2595 2757 studeat,
2625 2675 2820 2739 tanto

580 2781 909 2848 difficilius
983 2783 1181 2849 fuisse
1239 2777 1571 2850 credamus
1628 2785 1916 2849 invenire
1988 2789 2134 2850 octo
2190 2785 2292 2849 vel
2347 2785 2565 2849 decem
2623 2804 2822 2866 quam

580 2900 823 2976 septem
883 2894 1182 2958 actores?
1270 2894 1398 2959 Sed
1456 2896 1593 2977 ipse
1652 2916 1909 2979 quoque
1968 2894 2290 2960 Steffenus
2347 2895 2416 2960 in
2458 2893 2585 2958 fine
2627 2893 2816 2958 huius

579 3002 1053 3068 dissertationis
1113 3024 1267 3069 suae
1325 3006 1535 3088 partis
1594 3005 1925 3089 concedit,
1985 3005 2152 3070 nihil
2213 3004 2394 3069 aliud
2443 3004 2577 3069 illis
2635 3024 2815 3086 argu—

580 3114 815 3180 mentis
845 3112 1031 3198 01601,
1063 3114 1190 3180 nisi
1215 3119 1290 3179 ut
1318 3136 1411 3199 pr
1432 3113 1772 3180 obabile
1804 3114 1939 3200 fiat,
1971 3115 2146 3180 hunc
2176 3135 2419 3179 morem
2455 3135 2495 3178 a
2515 3112 2825 3181 Romanis

577 3231 911 3310 acceptum
941 3245 1201 3300 esse.--·
1242 3225 1319 3290 In
1363 3227 1572 3291 altera
1620 3224 2098 3292 dissertationis
2143 3230 2332 3309 parte
2378 3225 2463 3292 ad
2506 3244 2824 3307 personas

576 3336 749 3400 inter
793 3340 1045 3400 actores
1093 3335 1567 3403 distribuendas
1614 3357 1693 3400 ea
1733 3337 1838 3400 via
1881 3323 1959 3403 ae
2002 3336 2256 3401 ratione
2300 3357 2455 3400 usus
2481 3340 2600 3418 est,
2624 3354 2827 3416 quam

576 3445 766 3511 unice
808 3467 1027 3511 veram
1072 3425 1138 3511 et
1180 3454 1424 3512 rectam
1467 3447 1628 3511 mihi
1670 3446 1895 3531 videri,
1940 3452 2008 3510 et
2050 3466 2247 3529 quam
2281 3467 2321 3510 a
2355 3442 2822 3510 Fr.Ritschelio

580 3554 980 3639 patefactam
1022 3562 1089 3621 et
1132 3556 1481 3626 indicatam
1530 3578 1691 3639 esse,
1735 3557 1867 3623 iam
1910 3557 2093 3621 initio
2139 3554 2333 3621 huius
2364 3552 2824 3639 disputationis

581 3665 732 3730 dixi.
818 3666 942 3731 Hic
999 3668 1204 3750 enim,
1272 3688 1416 3731 011111
1482 3669 1551 3730 111
1586 3665 1809 3743 ⁴altera
1866 3665 2229 3731 Trinummi
2284 3666 2632 3732 Plautinae
2691 3663 2823 3729 edi—

576 3778 755 3841 tione
772 3776 861 3862 **)
916 3776 995 3842 de
1040 3776 1378 3841 notatione
1422 3796 1846 3859 personarum
1891 3775 2236 3842 dissereret
2292 3783 2485 3859 atque
2531 3773 2823 3842 animad—

575 3888 875 3953 vertisset
916 3888 983 3951 in
1045 3886 1263 3952 codice
1311 3885 1576 3971 Vetere,
1642 3887 1756 3969 qui
1817 3887 2082 3971 dicitur,
2140 3906 2451 3970 personas
2494 3885 2825 3950 interdum

576 4019 708 4064 non
753 4004 828 4063 ut
870 3997 940 4062 in
985 4000 1217 4064 ceteris
1263 3997 1590 4063 codicibus
1633 3996 1773 4088 fieri
1816 3998 1998 4084 solet,
2041 3997 2211 4063 binis
2256 3998 2540 4063 ternisve
2579 3991 2823 4061 litteris

713 4269 760 4339 ¹¹²)
798 4270 836 4323 l.
875 4288 917 4325 s,
957 4288 1002 4324 s.
1040 4288 1092 4341 p.
1137 4272 1253 4324 115.

680 4353 757 4421 “)
794 4370 850 4425 p.
888 4354 1001 4408 LV.
