3192 4967
1403 500 1828 566 -39-

496 669 947 755 choregemate
991 669 1272 737 Graecos
1318 692 1468 736 usos
1513 692 1652 736 esse
1698 672 1961 753 statuit,
2008 672 2401 739 sententiam
2446 681 2737 739 nostram

410 805 415 810 ·
495 802 626 846 non
672 783 1061 865 aperuimus,
1151 782 1319 859 Quid
1362 782 1684 847 Steffenus
1729 782 1848 847 illa
1891 783 2265 849 coniectura
2290 784 2587 866 voluerit,
2631 785 2737 849 vix

495 892 780 974 intellegi
837 897 1076 976 potest,
1135 913 1280 956 cum
1333 898 1561 975 postea
1616 914 1951 975 nunquam
2018 894 2102 956 ad
2159 914 2302 959 eam
2357 897 2736 978 respexerit,

493 1002 690 1066 immo
753 1003 1121 1084 quinarium
1187 1002 1371 1067 illum
1446 1010 1739 1066 actorum
1812 1025 2152 1067 numerum
2228 1010 2293 1068 et
2363 1026 2403 1067 a
2470 1005 2734 1069 Graecis

496 1111 864 1176 adhibitum
921 1133 1060 1177 esse
1104 1118 1172 1176 et
1217 1113 1389 1196 apud
1442 1113 1767 1178 Romanos
1827 1112 1909 1177 ad
1970 1135 2189 1178 omnes
2244 1113 2499 1179 fabulas
2542 1115 2735 1180 Plau-

496 1222 666 1285 tinas
741 1222 1024 1304 agendas
1101 1229 1366 1305 praeter
1430 1223 1796 1287 Rudentem
1876 1229 1941 1286 et
2011 1223 2368 1289 Poenulum
2442 1224 2738 1289 sufficere

503 1334 888 1415 potuisse
934 1332 1306 1399 ostenderit.
1380 1319 1603 1398 Nihilo
1644 1336 1855 1399 minus
1901 1335 2081 1398 illam
2117 1335 2554 1399 coniecturam
2584 1356 2737 1417 quo-

452 1437 458 1443 ’
497 1443 840 1509 dammodo
888 1442 1292 1525 probandam
1337 1445 1744 1533 essecredo,
1790 1444 1845 1509 si
1891 1446 2153 1527 quidem
2192 1445 2739 1529 parachoregema

497 1554 668 1616 idem
727 1553 1092 1635 significare
1146 1554 1349 1618 voluit
1407 1554 1755 1638 Steffenus‚
1826 1556 2000 1636 quod
2058 1555 2126 1618 in
2186 1554 2423 1619 fabulis
2483 1556 2736 1622 Latinis

493 1668 756 1746 „partes
801 1664 1260 1728 secundarias“
1304 1665 1572 1729 vocavit.
1666 1666 1823 1730 Cum
1869 1666 2041 1729 enim
2086 1664 2324 1729 omisso
2356 1664 2576 1749 chor0,
2622 1668 2737 1748 qui

494 1755 624 1837 non
675 1773 884 1838 solum
927 1776 995 1838 in
1041 1773 1378 1858 tragoedia
1437 1774 1550 1838 sed
1600 1776 1796 1839 etiam
1850 1776 1919 1839 in
1975 1775 2309 1839 comoedia
2353 1775 2735 1858 dignitatem

495 1890 562 1947 et
607 1885 985 1967 gravitatem
1033 1885 1359 1965 quandam
1405 1883 1729 1968 effecerat,
1774 1906 1942 1951 nova
1988 1886 2318 1950 comoedia
2355 1885 2443 1952 ad
2486 1887 2734 1952 mobili-

494 1999 697 2080 tatem
744 1995 1069 2078 quandam
1115 1995 1550 2078 pervenisset,
1612 1995 1680 2057 in
1724 1997 1968 2060 maiore
2011 1995 2384 2077 frequentia
2430 2002 2491 2060 et
2533 2002 2733 2061 muta·
2817 2079 2824 2082 .

492 2104 669 2169 tione
714 2103 1139 2188 personarum
1201 2105 1392 2169 etiam
1436 2111 1685 2169 1010105
1741 2106 1907 2170 istae
1966 2106 2140 2187 leges
2200 2105 2283 2170 ad
2328 2106 2731 2187 compositio-

494 2234 640 2277 nem
703 2216 1061 2278 scaenicam
1138 2220 1507 2296 spectantes
1574 2236 1706 2279 non
1766 2215 2022 2297 eodem,
2071 2222 2297 2298 ‘atque
2355 2191 2733 2298 antiquituS‚

492 2325 707 2406 rigore
765 2330 1060 2388 servatae
1133 2346 1272 2390 esse
1332 2325 1669 2407 videntur,
1740 2326 1831 2391 ita
1887 2331 1963 2388 ut
2018 2327 2126 2389 vix
2184 2325 2475 2408 aliquam
2535 2325 2730 2390 offen-

491 2435 736 2498 sionem
793 2434 1103 2518 haberet‚
1162 2436 1216 2499 si
1275 2456 1409 2501 una
1465 2456 1543 2498 ex
1601 2436 1798 2499 mutis
1842 2437 2171 2518 personi3‚
2231 2456 2310 2499 ex
2356 2433 2731 2521 δορυφορή-

489 2566 695 2628 μασι,
762 2545 1012 2610 duobus
1073 2544 1362 2609 tribusve
1418 2546 1663 2627 1011115,
1736 2546 1866 2609 5110
1924 2545 2232 2610 lorarium
2287 2548 2419 2610 sive
2478 2567 2731 2610 servum

491 2656 775 2737 aliquem
819 2673 1038 2737 agenS,
1090 2661 1383 2719 actorum
1430 2654 1859 2737 legitimorum
1902 2656 2227 2738 colloquia
2256 2656 2356 2720 vel
2403 2656 2731 2720 adnuendi

488 2764 590 2827 vel
633 2765 914 2847 negandi
958 2785 1155 2829 causa
1197 2765 1720 2848 interrumperet.
1808 2765 2012 2848 Quod,
2060 2766 2302 2830 cumin
2336 2767 2729 2831 Graecorum

489 2874 821 2938 comoedia
861 2876 933 2938 in
977 2875 1347 2939 coniectura
1388 2875 1673 2959 positum
1718 2881 1849 2957 est,
1895 2877 1963 2939 in
2008 2877 2443 2941 Romanorum
2488 2875 2736 2941 fabulis

486 2982 732 3048 factum
777 3005 950 3068 esse,
1010 2984 1144 3047 fere
1191 3005 1409 3049 omnes
1455 2984 1719 3051 fabulae
1764 2991 2058 3066 servatae
2117 2985 2498 3068 ostendunt,
2560 3007 2725 3069 cum,

488 3092 686 3158 etiam
747 3095 802 3158 si
860 3095 1094 3159 litteris
1153 3092 1423 3160 Graecis
1481 3096 1606 3159 iam
1674 3097 1949 3160 multum
2006 3096 2517 3161 commemoratis
2578 3096 2719 3160 nul-

486 3203 621 3266 lum
674 3202 1019 3285 vestigium
1075 3206 1311 3278 veteris
1370 3225 1799 3288 personarum
1871 3204 2344 3269 distributionis
2416 3211 2725 3290 exstaret,

482 3317 698 3378 tamen
755 3318 978 3397 partes
1053 3314 1441 3379 lorariorum
1515 3314 1899 3378 ancillarum
1966 3314 2239 3379 aliarum
2300 3337 2726 3400 personarum

484 3421 612 3487 duo
635 3424 734 3488 101
769 3423 898 3487 1110
930 3423 1129 3487 101110
1169 3423 1736 3508 pronuntiantium
1782 3446 1909 3489 non
1956 3446 1996 3488 a
2038 3425 2348 3509 legitimis
2395 3410 2724 3492 actoribus

483 3538 660 3597 actas
705 3553 863 3617 esse,
909 3534 1223 3616 suspicari
1264 3556 1617 3617 possemus,

651 3642 927 3708 Litteras
958 3644 1242 3711 Graecas
1288 3643 1506 3709 codice
1549 3643 1862 3710 Bembino
1908 3650 1973 3709 et
2002 3646 2374 3711 Victoriano
2421 3648 2722 3730 traditaS‚

482 3750 569 3817 ad
614 3772 776 3833 quas
835 3753 1021 3818 nobis
1077 3774 1249 3818 nunc
1306 3756 1778 3820 transeundum
1836 3762 1969 3839 est,
2036 3755 2122 3822 ad
2180 3777 2489 3841 personas
2550 3758 2726 3821 inter

481 3868 732 3927 actores
777 3861 1260 3929 distribuendas
1306 3870 1631 3950 spectare,
1676 3867 1810 3932 iam
1851 3866 2245 3932 Ritschelius
2292 3872 2358 3931 et
2401 3864 2723 3932 Steffenus

481 3971 929 4055 ostenderunt,
986 3993 1187 4055 quare
1231 3995 1361 4038 non
1408 3995 1569 4058 opus
1615 3982 1734 4059 est,
1794 3981 1869 4040 ut
1913 3975 2081 4041 hanc
2124 3997 2260 4040 rem
2304 3978 2485 4041 novis
2532 3999 2722 4060 argu—

481 4082 714 4147 mentis
757 4080 1149 4147 confirmem.
1241 4082 1367 4149 Sed
1424 4105 1568 4149 cum
1626 4087 1982 4173 rationem,
2030 4109 2227 4169 quam
2271 4084 2592 4151 Steffenus
2638 4087 2724 4151 ad

483 4187 630 4254 illas
690 4191 948 4258 litteras
1021 4189 1454 4259 emendandas
1513 4194 1849 4280 adhibuit,
1914 4219 2043 4263 non
2113 4196 2521 4283 probandam
2582 4217 2723 4261 esse

481 4300 814 4367 credamus
858 4303 960 4368 vel
1003 4305 1365 4370 ostendisse
1407 4306 1775 4392 videamur,
1835 4306 2024 4372 nobis
2077 4306 2721 4392 circumspiciendum
