3192 4967
1424 420 1850 485 ..21-

503 590 806 673 Graecos,
853 592 1145 675 potuisse
1190 587 1536 656 transferri
1584 589 1672 657 ad
1715 590 2041 654 Romanos
2087 589 2311 671 negari
2345 609 2474 652 non
2519 593 2760 674 potest,

414 716 430 724 ’
503 702 617 768 sed
662 707 732 766 ut
775 721 889 765 eae
936 721 1063 785 reS,
1110 723 1274 785 quas
1322 715 1521 784 s‘upra
1564 700 1782 783 attuli,
1832 698 2201 780 ostendunt,
2248 697 2376 763 nisi
2406 701 2535 765 alia
2563 721 2761 764 causa

506 812 606 876 vel
652 811 1101 876 testimonium
1143 815 1434 877 veterum
1480 810 1764 891 accedit,
1826 829 1944 891 pro
2005 813 2183 873 certo
2230 808 2456 873 haberi
2505 811 2756 897 nequit.
2801 831 2802 836 ¹

500 922 645 986 Huc
690 920 961 1005 accedit,
1010 920 1186 1004 quod
1221 920 1299 985 de
1325 941 1593 985 numero
1630 927 1937 1002 actorum,
1983 939 2112 1001 quo
2142 917 2493 983 utebantur
2522 918 2757 989 Graeci

502 1032 571 1096 in
616 1051 784 1096 nova
828 1038 895 1095 et
938 1031 1186 1116 media,
1231 1052 1399 1113 quae
1447 1031 1785 1111 dicuntur,
1841 1028 2187 1104 comoediis
2232 1029 2398 1092 nihil
2441 1030 2760 1095 traditum

502 1149 600 1207 est
658 1149 720 1206 et
780 1147 1050 1207 constat.
1139 1141 1387 1207 Scimus
1434 1140 1625 1205 initio
1673 1140 1942 1204 chorum
1988 1139 2217 1221 solum,
2278 1139 2511 1204 deinde
2557 1162 2758 1205 unum

505 1258 571 1318 et
613 1251 765 1316 inde
811 1252 891 1316 ab
938 1251 1250 1336 Aeschylo
1298 1251 1459 1316 duos
1504 1255 1763 1315 actores
1808 1248 2014 1332 egisse
2060 1248 2452 1334 tragoediae,
2500 1257 2760 1320 constat

505 1364 704 1427 etiam
760 1363 1027 1427 tertium
1088 1368 1376 1425 actorem
1435 1380 1476 1424 a
1535 1360 1851 1443 Sophocle
1912 1357 2206 1424 additum
2265 1380 2423 1424 esse.
2511 1361 2608 1425 De
2655 1380 2756 1426 co-

506 1472 768 1539 moedia
813 1477 1030 1536 autem
1078 1470 1246 1537 nihil
1288 1471 1416 1535 nisi
1459 1475 1593 1534 tres
1640 1475 1893 1535 actores
1917 1468 2421 1551 Aristophanem
2449 1471 2756 1536 habuisse

505 1583 838 1667 proditum
897 1586 1030 1656 est3
1090 1582 1207 1646 sed
1260 1579 1490 1646 habuit
1543 1584 1886 1665 praeterea
1930 1578 2198 1643 chorum
2242 1587 2309 1645 et
2323 1630 2342 1662 ,
2401 1588 2473 1646 ut
2511 1601 2757 1647 comoe-

504 1692 687 1775 diae,
756 1712 923 1775 quae
988 1692 1071 1756 ad
1144 1698 1429 1756 nostram
1498 1695 1773 1788 aetatem
1845 1696 2309 1774 pervenerunt,
2384 1691 2757 1776 ostendunt,

426 1853 432 1859 .
507 1803 704 1868 etiam
770 1787 1386 1885 parachoregemate
1457 1822 1613 1865 usus
1674 1805 1791 1864 est.
1897 1797 2025 1864 Sed
2088 1821 2218 1865 non
2288 1800 2467 1865 illius
2525 1802 2757 1868 veteris

508 1911 908 1979 Graecorum
966 1909 1338 1976 comoediae
1400 1909 1697 1993 exempla
1755 1910 2020 2000 imitati,
2059 1916 2214 1974 sunt
2270 1912 2579 1997 Romani,
2643 1912 2757 1977 sed

504 2022 885 2105 Menandri,
945 2018 1367 2104 Apollodori,
1426 2020 1706 2085 aliorum
1750 2040 1953 2084 novae
1998 2020 2368 2087 comoediae
2412 2021 2757 2106 poetarum

504 2132 777 2198 fabulas.
866 2130 965 2195 Ab
996 2132 1075 2195 iis
1122 2131 1390 2195 chorum
1435 2130 1748 2195 omissum
1794 2147 1932 2194 esse
1980 2136 2267 2215 constat,
2314 2130 2428 2195 sed
2474 2153 2628 2195 num
2673 2133 2754 2197 iis

503 2243 797 2327 licuerit,
843 2261 1182 2308 numerum
1228 2246 1554 2323 actorum,
1602 2245 1923 2323 quantum
1968 2241 2237 2325 vellent,
2283 2262 2553 2326 augere,
2602 2262 2757 2308 num

504 2355 698 2418 certis
759 2347 996 2416 finibus
1058 2351 1259 2418 etiam
1311 2351 1415 2415 his
1476 2349 1877 2434 temporibus
1937 2370 2243 2416 numerus
2304 2358 2589 2416 actorum
2636 2353 2754 2416 cir-

503 2465 933 2544 cumscriptus
979 2461 1199 2545 fuerit,
1242 2461 1522 2545 denique
1567 2484 1725 2525 num
1768 2461 1939 2526 idem
1983 2461 2184 2527 fuerit
2213 2451 2519 2527 numerus
2556 2469 2754 2546 atque
2831 2495 2838 2500 ·

502 2573 568 2637 in
613 2579 831 2638 vetere
876 2572 1209 2638 comoedia
1254 2591 1337 2634 an
1383 2576 1613 2636 auctus
1660 2573 1779 2655 sit,
1841 2572 1919 2636 de
1977 2572 2082 2636 his
2136 2571 2330 2638 rebus
2376 2572 2543 2637 nihil
2589 2574 2752 2638 certi

504 2682 820 2747 traditum
859 2688 976 2747 est.
1047 2682 1260 2760 Quare
1289 2682 1487 2745 etiam
1533 2682 1588 2746 si
1631 2682 1864 2774 largiri·
1902 2681 2235 2766 vellemuS,
2279 2703 2523 2747 morem
2566 2683 2752 2747 illum

504 2793 573 2856 in
617 2794 912 2876 personis
971 2791 1438 2857 distribuendis
1486 2812 1526 2855 a
1571 2792 1837 2857 Graecis
1882 2793 2277 2857 translatum
2322 2813 2461 2859 esse
2503 2793 2588 2858 ad
2632 2796 2753 2859 Ro-

503 2924 749 2990 manOS,
797 2924 1134 2966 numerum
1178 2907 1472 2966 actorum
1497 2900 1763 2967 definire
1794 2924 1924 2967 non
1947 2889 2301 2987 possemus⁸
2361 2903 2484 2968 Sed
2513 2912 2778 2988 specte-¹

506 3032 646 3075 mus
692 3011 1062 3077 testimonia
1106 3011 1223 3077 illa
1264 3018 1586 3094 veterum,
1648 3011 2040 3097 paucissima
2100 3001 2359 3096 quidem
2416 3036 2532 3078 nec
2591 3017 2752 3080 satis

510 3126 837 3203 accurata,
899 3128 966 3186 et
1008 3122 1375 3207 videamus,
1436 3144 1590 3187 num
1648 3122 1929 3187 fortasse
1990 3146 2069 3190 ex
2124 3125 2202 3188 iis
2247 3131 2513 3189 nostrae
2560 3145 2752 3207 quae-

509 3228 706 3293 stioni
751 3235 817 3293 et
860 3231 1051 3295 simul
1093 3232 1227 3316 illi,
1288 3254 1456 3316 quae
1501 3239 1760 3318 spectat
1805 3232 1889 3296 ad
1932 3254 2162 3298 novam
2211 3233 2605 3299 Graecorum
2649 3257 2751 3300 co-

504 3338 842 3423 moediam,
888 3339 1112 3422 aliqua
1152 3325 1264 3405 lux
1306 3344 1573 3410 oriatur.

671 3448 1063 3516 Schmidtius
1130 3451 1360 3535 incipit
1432 3454 1513 3519 ab
1588 3453 1949 3519 Horatiano
2008 3454 2117 3519 illo
2132 3458 2222 3534 *):
2311 3454 2451 3540 „Ne
2513 3462 2753 3540 quarta

500 3559 679 3643 loqui
720 3581 1003 3645 persona
1046 3561 1366 3627 laboret.“
1410 3602 1496 3611 —-
1553 3564 1630 3628 In
1674 3570 1818 3629 tota
1861 3564 1981 3631 illa
2026 3566 2309 3649 epistula
2352 3566 2435 3630 ad
2479 3567 2749 3632 Pisones

497 3670 798 3735 Horatius
856 3672 1285 3755 popularibus
1342 3675 1476 3740 suis
1535 3679 1886 3757 praecepta
1943 3696 2023 3739 ex
2080 3683 2296 3740 vetere
2353 3676 2750 3742 Graecorum

462 3782 832 3864 *tragoedia
876 3788 942 3846 et
987 3782 1319 3847 comoedia
1360 3785 1566 3866 petita
1610 3787 1922 3868 proponit
1965 3793 2045 3869 et,
2092 3807 2237 3850 cum
2280 3786 2461 3851 illam
2505 3790 2745 3870 epistu-

497 3890 628 3956 lam
655 3892 1116 3976 conscripsisse
1147 3892 1465 3978 videatur,
1509 3899 1586 3958 ut
1616 3916 1785 3977 quae
1817 3901 2046 3960 contra
2064 3894 2458 3960 Graecorum
2478 3897 2737 3979 regulas

496 4008 564 4066 et
603 4008 959 4087 praecepta
1001 4003 1278 4067 Romani
1323 4005 1422 4068 sui
1467 4006 1780 4088 temporis
1824 4005 2264 4088 peccaverint,
2312 4007 2623 4089 castiget,
2671 4026 2750 4070 ex

496 4205 504 4210 ’
628 4238 675 4304 ¹⁸)
711 4240 830 4292 Art.
871 4245 1014 4311 poet.
1056 4255 1105 4294 v.
1152 4241 1270 4295 192.
