<?xml version="1.0" encoding="UTF-8"?>
<!DOCTYPE html PUBLIC "-//W3C//DTD XHTML 1.0 Transitional//EN"
    "http://www.w3.org/TR/xhtml1/DTD/xhtml1-transitional.dtd">
<html xmlns="http://www.w3.org/1999/xhtml" xml:lang="en" lang="en">
 <head>
  <title>
</title>
<meta http-equiv="Content-Type" content="text/html;charset=utf-8" />
  <meta name='ocr-system' content='tesseract 3.04.00' />
  <meta name='ocr-capabilities' content='ocr_page ocr_carea ocr_par ocr_line ocrx_word'/>
</head>
<body>
  <div class='ocr_page' id='page_1' title='image "./quaestionestere00bossgoog_0036.png"; bbox 0 0 3192 4967; ppageno 0'>
   <div class='ocr_carea' id='block_1_1' title="bbox 1470 391 1893 486">
    <p class='ocr_par' dir='ltr' id='par_1_1' title="bbox 1470 391 1893 486">
     <span class='ocr_line' id='line_1_1' title="bbox 1470 391 1893 486; baseline 0 -17"><span class='ocrx_word' id='word_1_1' title='bbox 1470 391 1893 486; x_wconf 62' lang='lat'><strong>...322-</strong></span> 
     </span>
    </p>
   </div>
   <div class='ocr_carea' id='block_1_2' title="bbox 561 585 2804 673">
    <p class='ocr_par' dir='ltr' id='par_1_2' title="bbox 561 585 2804 673">
     <span class='ocr_line' id='line_1_2' title="bbox 561 585 2804 673; baseline -0.001 -19"><span class='ocrx_word' id='word_1_2' title='bbox 561 587 878 654; x_wconf 85' lang='lat' dir='ltr'><strong>Steffenus</strong></span> <span class='ocrx_word' id='word_1_3' title='bbox 937 595 1154 654; x_wconf 89' lang='lat' dir='ltr'><strong>autem</strong></span> <span class='ocrx_word' id='word_1_4' title='bbox 1196 588 1368 672; x_wconf 88' lang='lat' dir='ltr'><strong>ipse,</strong></span> <span class='ocrx_word' id='word_1_5' title='bbox 1427 610 1573 654; x_wconf 91' lang='lat' dir='ltr'><strong>cum</strong></span> <span class='ocrx_word' id='word_1_6' title='bbox 1632 591 1787 673; x_wconf 86' lang='lat' dir='ltr'><strong>quid</strong></span> <span class='ocrx_word' id='word_1_7' title='bbox 1834 590 2293 657; x_wconf 88' lang='lat' dir='ltr'><strong>dissertatione</strong></span> <span class='ocrx_word' id='word_1_8' title='bbox 2339 608 2459 653; x_wconf 89' lang='lat' dir='ltr'><strong>sua</strong></span> <span class='ocrx_word' id='word_1_9' title='bbox 2499 585 2804 670; x_wconf 86' lang='lat' dir='ltr'><strong>effecerit,</strong></span> 
     </span>
    </p>
   </div>
   <div class='ocr_carea' id='block_1_3' title="bbox 560 698 2834 783">
    <p class='ocr_par' dir='ltr' id='par_1_3' title="bbox 560 698 2834 783">
     <span class='ocr_line' id='line_1_3' title="bbox 560 698 2834 783; baseline -0 -19"><span class='ocrx_word' id='word_1_10' title='bbox 560 699 967 783; x_wconf 82' lang='lat' dir='ltr'><strong>paucissimis</strong></span> <span class='ocrx_word' id='word_1_11' title='bbox 1025 698 1508 783; x_wconf 79' lang='lat' dir='ltr'><strong>complectitur,</strong></span> <span class='ocrx_word' id='word_1_12' title='bbox 1566 701 1890 766; x_wconf 84' lang='lat' dir='ltr'><strong>rationem</strong></span> <span class='ocrx_word' id='word_1_13' title='bbox 1936 700 2365 782; x_wconf 88' lang='lat' dir='ltr'><strong>Graecorum,</strong></span> <span class='ocrx_word' id='word_1_14' title='bbox 2426 719 2557 782; x_wconf 89' lang='lat' dir='ltr'><strong>qua</strong></span> <span class='ocrx_word' id='word_1_15' title='bbox 2609 720 2834 782; x_wconf 89' lang='lat' dir='ltr'><strong>quam·</strong></span> 
     </span>
    </p>
   </div>
   <div class='ocr_carea' id='block_1_4' title="bbox 555 809 2803 1557">
    <p class='ocr_par' dir='ltr' id='par_1_4' title="bbox 555 809 2803 1557">
     <span class='ocr_line' id='line_1_4' title="bbox 558 809 2802 895; baseline -0 -22"><span class='ocrx_word' id='word_1_16' title='bbox 558 810 967 893; x_wconf 80' lang='lat' dir='ltr'><strong>paucissimis</strong></span> <span class='ocrx_word' id='word_1_17' title='bbox 1040 810 1364 875; x_wconf 88' lang='lat' dir='ltr'><strong>actoribus</strong></span> <span class='ocrx_word' id='word_1_18' title='bbox 1442 809 1528 877; x_wconf 88' lang='lat' dir='ltr'><strong>ad</strong></span> <span class='ocrx_word' id='word_1_19' title='bbox 1602 810 1858 876; x_wconf 85' lang='lat' dir='ltr'><strong>fabulas</strong></span> <span class='ocrx_word' id='word_1_20' title='bbox 1928 810 2217 895; x_wconf 85' lang='lat' dir='ltr'><strong>agendas</strong></span> <span class='ocrx_word' id='word_1_21' title='bbox 2274 815 2648 891; x_wconf 89' lang='lat' dir='ltr'><strong>uterentur,</strong></span> <span class='ocrx_word' id='word_1_22' title='bbox 2727 828 2802 872; x_wconf 90' lang='lat' dir='ltr'><strong>eo</strong></span> 
     </span>
     <span class='ocr_line' id='line_1_5' title="bbox 558 917 2802 1012; baseline -0 -29"><span class='ocrx_word' id='word_1_23' title='bbox 558 925 850 1002; x_wconf 87' lang='lat' dir='ltr'><strong>tempore</strong></span> <span class='ocrx_word' id='word_1_24' title='bbox 865 970 885 1004; x_wconf 95' lang='lat'><strong>,</strong></span> <span class='ocrx_word' id='word_1_25' title='bbox 945 941 1073 1001; x_wconf 87' lang='lat' dir='ltr'><strong>quo</strong></span> <span class='ocrx_word' id='word_1_26' title='bbox 1130 921 1391 986; x_wconf 74' lang='lat' dir='ltr'><strong>litterae</strong></span> <span class='ocrx_word' id='word_1_27' title='bbox 1437 920 1721 1012; x_wconf 87' lang='lat' dir='ltr'><strong>Graecae</strong></span> <span class='ocrx_word' id='word_1_28' title='bbox 1780 921 1864 985; x_wconf 88' lang='lat' dir='ltr'><strong>ad</strong></span> <span class='ocrx_word' id='word_1_29' title='bbox 1906 921 2163 989; x_wconf 87' lang='lat' dir='ltr'><strong>fabulas</strong></span> <span class='ocrx_word' id='word_1_30' title='bbox 2206 942 2279 985; x_wconf 89' lang='lat' dir='ltr'><strong>re</strong></span> <span class='ocrx_word' id='word_1_31' title='bbox 2320 940 2475 984; x_wconf 85' lang='lat' dir='ltr'><strong>vera</strong></span> <span class='ocrx_word' id='word_1_32' title='bbox 2518 917 2802 1002; x_wconf 84' lang='lat' dir='ltr'><strong>agendas</strong></span> 
     </span>
     <span class='ocr_line' id='line_1_6' title="bbox 559 1029 2803 1114; baseline 0 -21"><span class='ocrx_word' id='word_1_33' title='bbox 559 1035 999 1114; x_wconf 86' lang='lat' dir='ltr'><strong>spectassent,</strong></span> <span class='ocrx_word' id='word_1_34' title='bbox 1054 1031 1231 1114; x_wconf 86' lang='lat' dir='ltr'><strong>apud</strong></span> <span class='ocrx_word' id='word_1_35' title='bbox 1272 1032 1598 1096; x_wconf 88' lang='lat' dir='ltr'><strong>Romanos</strong></span> <span class='ocrx_word' id='word_1_36' title='bbox 1645 1054 1776 1097; x_wconf 91' lang='lat' dir='ltr'><strong>non</strong></span> <span class='ocrx_word' id='word_1_37' title='bbox 1819 1032 2099 1098; x_wconf 87' lang='lat' dir='ltr'><strong>valuisse</strong></span> <span class='ocrx_word' id='word_1_38' title='bbox 2146 1032 2318 1114; x_wconf 91' lang='lat' dir='ltr'><strong>dicit,</strong></span> <span class='ocrx_word' id='word_1_39' title='bbox 2363 1029 2803 1114; x_wconf 87' lang='lat' dir='ltr'><strong>septenarium</strong></span> 
     </span>
     <span class='ocr_line' id='line_1_7' title="bbox 559 1142 2802 1219; baseline -0.001 -16"><span class='ocrx_word' id='word_1_40' title='bbox 559 1161 710 1206; x_wconf 82' lang='lat' dir='ltr'><strong>vero</strong></span> <span class='ocrx_word' id='word_1_41' title='bbox 756 1159 1096 1206; x_wconf 91' lang='lat' dir='ltr'><strong>numerum</strong></span> <span class='ocrx_word' id='word_1_42' title='bbox 1139 1162 1272 1206; x_wconf 91' lang='lat' dir='ltr'><strong>non</strong></span> <span class='ocrx_word' id='word_1_43' title='bbox 1317 1162 1649 1207; x_wconf 84' lang='lat' dir='ltr'><strong>excessum</strong></span> <span class='ocrx_word' id='word_1_44' title='bbox 1693 1164 1850 1208; x_wconf 88' lang='lat' dir='ltr'><strong>esse.</strong></span> <span class='ocrx_word' id='word_1_45' title='bbox 1943 1142 2084 1219; x_wconf 82' lang='lat' dir='ltr'><strong>Qua</strong></span> <span class='ocrx_word' id='word_1_46' title='bbox 2126 1143 2196 1207; x_wconf 95' lang='lat' dir='ltr'><strong>in</strong></span> <span class='ocrx_word' id='word_1_47' title='bbox 2238 1163 2310 1206; x_wconf 91' lang='lat' dir='ltr'><strong>re</strong></span> <span class='ocrx_word' id='word_1_48' title='bbox 2354 1162 2423 1206; x_wconf 91' lang='lat' dir='ltr'><strong>se</strong></span> <span class='ocrx_word' id='word_1_49' title='bbox 2465 1161 2596 1204; x_wconf 93' lang='lat' dir='ltr'><strong>non</strong></span> <span class='ocrx_word' id='word_1_50' title='bbox 2626 1144 2802 1203; x_wconf 89' lang='lat' dir='ltr'><strong>recte</strong></span> 
     </span>
     <span class='ocr_line' id='line_1_8' title="bbox 562 1250 2801 1337; baseline -0 -23"><span class='ocrx_word' id='word_1_51' title='bbox 562 1255 638 1314; x_wconf 87' lang='lat' dir='ltr'><strong>de</strong></span> <span class='ocrx_word' id='word_1_52' title='bbox 685 1250 947 1316; x_wconf 89' lang='lat' dir='ltr'><strong>Graecis</strong></span> <span class='ocrx_word' id='word_1_53' title='bbox 1000 1251 1289 1317; x_wconf 85' lang='lat' dir='ltr'><strong>locutum</strong></span> <span class='ocrx_word' id='word_1_54' title='bbox 1350 1273 1523 1336; x_wconf 90' lang='lat' dir='ltr'><strong>esse,</strong></span> <span class='ocrx_word' id='word_1_55' title='bbox 1583 1274 1728 1317; x_wconf 92' lang='lat' dir='ltr'><strong>cum</strong></span> <span class='ocrx_word' id='word_1_56' title='bbox 1782 1274 1979 1335; x_wconf 86' lang='lat' dir='ltr'><strong>quam</strong></span> <span class='ocrx_word' id='word_1_57' title='bbox 2037 1252 2447 1337; x_wconf 83' lang='lat' dir='ltr'><strong>paucissimis</strong></span> <span class='ocrx_word' id='word_1_58' title='bbox 2494 1272 2604 1315; x_wconf 89' lang='lat' dir='ltr'><strong>eos</strong></span> <span class='ocrx_word' id='word_1_59' title='bbox 2648 1269 2801 1313; x_wconf 90' lang='lat' dir='ltr'><strong>usos</strong></span> 
     </span>
     <span class='ocr_line' id='line_1_9' title="bbox 558 1359 2799 1447; baseline -0.001 -23"><span class='ocrx_word' id='word_1_60' title='bbox 558 1380 698 1425; x_wconf 88' lang='lat' dir='ltr'><strong>esse</strong></span> <span class='ocrx_word' id='word_1_61' title='bbox 743 1361 1075 1426; x_wconf 86' lang='lat' dir='ltr'><strong>actoribus</strong></span> <span class='ocrx_word' id='word_1_62' title='bbox 1138 1361 1347 1444; x_wconf 87' lang='lat' dir='ltr'><strong>dicat,</strong></span> <span class='ocrx_word' id='word_1_63' title='bbox 1380 1361 1729 1428; x_wconf 87' lang='lat' dir='ltr'><strong>-Steffenus</strong></span> <span class='ocrx_word' id='word_1_64' title='bbox 1774 1365 1914 1446; x_wconf 89' lang='lat' dir='ltr'><strong>ipse</strong></span> <span class='ocrx_word' id='word_1_65' title='bbox 1931 1363 1989 1447; x_wconf 91' lang='lat'><strong>*)</strong></span> <span class='ocrx_word' id='word_1_66' title='bbox 2029 1362 2333 1428; x_wconf 89' lang='lat' dir='ltr'><strong>concedit.</strong></span> <span class='ocrx_word' id='word_1_67' title='bbox 2423 1360 2564 1425; x_wconf 90' lang='lat' dir='ltr'><strong>Hoc</strong></span> <span class='ocrx_word' id='word_1_68' title='bbox 2606 1359 2799 1442; x_wconf 91' lang='lat' dir='ltr'><strong>enim,</strong></span> 
     </span>
     <span class='ocr_line' id='line_1_10' title="bbox 555 1469 2797 1557; baseline -0.002 -22"><span class='ocrx_word' id='word_1_69' title='bbox 555 1492 686 1536; x_wconf 91' lang='lat' dir='ltr'><strong>non</strong></span> <span class='ocrx_word' id='word_1_70' title='bbox 731 1472 938 1537; x_wconf 90' lang='lat' dir='ltr'><strong>solum</strong></span> <span class='ocrx_word' id='word_1_71' title='bbox 981 1494 1061 1536; x_wconf 88' lang='lat' dir='ltr'><strong>ex</strong></span> <span class='ocrx_word' id='word_1_72' title='bbox 1104 1471 1437 1557; x_wconf 86' lang='lat' dir='ltr'><strong>Euripidis</strong></span> <span class='ocrx_word' id='word_1_73' title='bbox 1463 1472 1789 1538; x_wconf 88' lang='lat' dir='ltr'><strong>Alcestide</strong></span> <span class='ocrx_word' id='word_1_74' title='bbox 1836 1473 2134 1538; x_wconf 93' lang='lat' dir='ltr'><strong>concludi</strong></span> <span class='ocrx_word' id='word_1_75' title='bbox 2175 1478 2394 1556; x_wconf 87' lang='lat' dir='ltr'><strong>potest</strong></span> <span class='ocrx_word' id='word_1_76' title='bbox 2439 1469 2554 1536; x_wconf 91' lang='lat' dir='ltr'><strong>sed</strong></span> <span class='ocrx_word' id='word_1_77' title='bbox 2598 1469 2797 1532; x_wconf 89' lang='lat' dir='ltr'><strong>etiam</strong></span> 
     </span>
    </p>
   </div>
   <div class='ocr_carea' id='block_1_5' title="bbox 551 1578 2866 1776">
    <p class='ocr_par' dir='ltr' id='par_1_5' title="bbox 551 1578 2866 1776">
     <span class='ocr_line' id='line_1_11' title="bbox 554 1578 2866 1682; baseline -0.002 -37"><span class='ocrx_word' id='word_1_78' title='bbox 554 1601 634 1645; x_wconf 88' lang='lat' dir='ltr'><strong>ex</strong></span> <span class='ocrx_word' id='word_1_79' title='bbox 677 1581 1118 1682; x_wconf 84' lang='lat' dir='ltr'><strong>compluribus</strong></span> <span class='ocrx_word' id='word_1_80' title='bbox 1178 1581 1418 1647; x_wconf 89' lang='lat' dir='ltr'><strong>fabulis</strong></span> <span class='ocrx_word' id='word_1_81' title='bbox 1462 1582 1805 1648; x_wconf 85' lang='lat' dir='ltr'><strong>Plautinis.</strong></span> <span class='ocrx_word' id='word_1_82' title='bbox 1891 1584 1994 1649; x_wconf 90' lang='lat' dir='ltr'><strong>Ad</strong></span> <span class='ocrx_word' id='word_1_83' title='bbox 2035 1583 2249 1651; x_wconf 93' lang='lat' dir='ltr'><strong>Plauti</strong></span> <span class='ocrx_word' id='word_1_84' title='bbox 2293 1583 2464 1647; x_wconf 89' lang='lat' dir='ltr'><strong>enim</strong></span> <span class='ocrx_word' id='word_1_85' title='bbox 2508 1578 2796 1644; x_wconf 88' lang='lat' dir='ltr'><strong>Cistella·</strong></span> <span class='ocrx_word' id='word_1_86' title='bbox 2857 1587 2866 1592; x_wconf 72' lang='grc'>’</span> 
     </span>
     <span class='ocr_line' id='line_1_12' title="bbox 551 1689 2858 1776; baseline 0 -20"><span class='ocrx_word' id='word_1_87' title='bbox 551 1692 717 1756; x_wconf 88' lang='lat' dir='ltr'><strong>riam</strong></span> <span class='ocrx_word' id='word_1_88' title='bbox 773 1692 1094 1775; x_wconf 84' lang='lat' dir='ltr'><strong>agendam</strong></span> <span class='ocrx_word' id='word_1_89' title='bbox 1159 1697 1293 1757; x_wconf 89' lang='lat' dir='ltr'><strong>tres</strong></span> <span class='ocrx_word' id='word_1_90' title='bbox 1311 1741 1330 1775; x_wconf 93' lang='lat'><strong>,</strong></span> <span class='ocrx_word' id='word_1_91' title='bbox 1405 1693 1490 1758; x_wconf 91' lang='lat' dir='ltr'><strong>ad</strong></span> <span class='ocrx_word' id='word_1_92' title='bbox 1547 1692 1845 1776; x_wconf 85' lang='lat' dir='ltr'><strong>Captivos</strong></span> <span class='ocrx_word' id='word_1_93' title='bbox 1904 1699 1971 1759; x_wconf 92' lang='lat' dir='ltr'><strong>et</strong></span> <span class='ocrx_word' id='word_1_94' title='bbox 2034 1694 2455 1759; x_wconf 88' lang='lat' dir='ltr'><strong>Mercatorem</strong></span> <span class='ocrx_word' id='word_1_95' title='bbox 2512 1695 2579 1754; x_wconf 91' lang='lat' dir='ltr'><strong>et</strong></span> <span class='ocrx_word' id='word_1_96' title='bbox 2632 1689 2796 1756; x_wconf 86' lang='lat' dir='ltr'><strong>alias</strong></span> <span class='ocrx_word' id='word_1_97' title='bbox 2839 1749 2858 1756; x_wconf 72' lang='grc'><strong>-</strong></span> 
     </span>
    </p>
   </div>
   <div class='ocr_carea' id='block_1_6' title="bbox 545 1801 2797 2770">
    <p class='ocr_par' dir='ltr' id='par_1_6' title="bbox 545 1801 2797 2645">
     <span class='ocr_line' id='line_1_13' title="bbox 553 1801 2795 1886; baseline -0.003 -18"><span class='ocrx_word' id='word_1_98' title='bbox 553 1808 836 1886; x_wconf 87' lang='lat' dir='ltr'><strong>quatuor</strong></span> <span class='ocrx_word' id='word_1_99' title='bbox 877 1808 1136 1867; x_wconf 85' lang='lat' dir='ltr'><strong>tantum</strong></span> <span class='ocrx_word' id='word_1_100' title='bbox 1181 1809 1433 1867; x_wconf 89' lang='lat' dir='ltr'><strong>actores</strong></span> <span class='ocrx_word' id='word_1_101' title='bbox 1476 1805 1878 1869; x_wconf 87' lang='lat' dir='ltr'><strong>necessarios</strong></span> <span class='ocrx_word' id='word_1_102' title='bbox 1923 1804 2124 1870; x_wconf 88' lang='lat' dir='ltr'><strong>fuisse</strong></span> <span class='ocrx_word' id='word_1_103' title='bbox 2154 1801 2544 1868; x_wconf 87' lang='lat' dir='ltr'><strong>Schmidtius</strong></span> <span class='ocrx_word' id='word_1_104' title='bbox 2583 1804 2795 1866; x_wconf 90' lang='lat' dir='ltr'><strong>osten—</strong></span> 
     </span>
     <span class='ocr_line' id='line_1_14' title="bbox 554 1905 2797 1995; baseline -0.002 -17"><span class='ocrx_word' id='word_1_105' title='bbox 554 1913 669 1978; x_wconf 91' lang='lat' dir='ltr'><strong>dit.</strong></span> <span class='ocrx_word' id='word_1_106' title='bbox 758 1912 930 1990; x_wconf 82' lang='lat' dir='ltr'><strong>Quas</strong></span> <span class='ocrx_word' id='word_1_107' title='bbox 989 1911 1246 1978; x_wconf 88' lang='lat' dir='ltr'><strong>fabulas</strong></span> <span class='ocrx_word' id='word_1_108' title='bbox 1306 1933 1451 1977; x_wconf 92' lang='lat' dir='ltr'><strong>cum</strong></span> <span class='ocrx_word' id='word_1_109' title='bbox 1496 1934 1575 1977; x_wconf 87' lang='lat' dir='ltr'><strong>ex</strong></span> <span class='ocrx_word' id='word_1_110' title='bbox 1620 1914 1885 1981; x_wconf 85' lang='lat' dir='ltr'><strong>Graecis</strong></span> <span class='ocrx_word' id='word_1_111' title='bbox 1930 1914 2206 1979; x_wconf 89' lang='lat' dir='ltr'><strong>Plautus</strong></span> <span class='ocrx_word' id='word_1_112' title='bbox 2249 1913 2507 1995; x_wconf 85' lang='lat' dir='ltr'><strong>fecerit,</strong></span> <span class='ocrx_word' id='word_1_113' title='bbox 2552 1912 2622 1975; x_wconf 92' lang='lat' dir='ltr'><strong>in</strong></span> <span class='ocrx_word' id='word_1_114' title='bbox 2650 1905 2797 1976; x_wconf 63' lang='lat' dir='ltr'><strong>&#39;hac</strong></span> 
     </span>
     <span class='ocr_line' id='line_1_15' title="bbox 553 2022 2794 2107; baseline 0 -22"><span class='ocrx_word' id='word_1_115' title='bbox 553 2024 969 2088; x_wconf 89' lang='lat' dir='ltr'><strong>conversione</strong></span> <span class='ocrx_word' id='word_1_116' title='bbox 1015 2029 1233 2089; x_wconf 88' lang='lat' dir='ltr'><strong>autem</strong></span> <span class='ocrx_word' id='word_1_117' title='bbox 1277 2029 1453 2088; x_wconf 89' lang='lat' dir='ltr'><strong>certe</strong></span> <span class='ocrx_word' id='word_1_118' title='bbox 1496 2045 1628 2088; x_wconf 93' lang='lat' dir='ltr'><strong>non</strong></span> <span class='ocrx_word' id='word_1_119' title='bbox 1671 2025 1740 2089; x_wconf 95' lang='lat' dir='ltr'><strong>in</strong></span> <span class='ocrx_word' id='word_1_120' title='bbox 1802 2024 2099 2091; x_wconf 89' lang='lat' dir='ltr'><strong>omnibus</strong></span> <span class='ocrx_word' id='word_1_121' title='bbox 2143 2031 2346 2092; x_wconf 88' lang='lat' dir='ltr'><strong>totam</strong></span> <span class='ocrx_word' id='word_1_122' title='bbox 2390 2022 2794 2107; x_wconf 88' lang='lat' dir='ltr'><strong>compositio-</strong></span> 
     </span>
     <span class='ocr_line' id='line_1_16' title="bbox 555 2132 2794 2216; baseline 0 -19"><span class='ocrx_word' id='word_1_123' title='bbox 555 2154 701 2198; x_wconf 91' lang='lat' dir='ltr'><strong>nem</strong></span> <span class='ocrx_word' id='word_1_124' title='bbox 761 2140 1046 2199; x_wconf 89' lang='lat' dir='ltr'><strong>mutasse</strong></span> <span class='ocrx_word' id='word_1_125' title='bbox 1107 2133 1435 2216; x_wconf 80' lang='lat' dir='ltr'><strong>videatur,</strong></span> <span class='ocrx_word' id='word_1_126' title='bbox 1507 2135 1732 2199; x_wconf 89' lang='lat' dir='ltr'><strong>eodem</strong></span> <span class='ocrx_word' id='word_1_127' title='bbox 1787 2134 1922 2200; x_wconf 88' lang='lat' dir='ltr'><strong>fere</strong></span> <span class='ocrx_word' id='word_1_128' title='bbox 1981 2135 2170 2201; x_wconf 88' lang='lat' dir='ltr'><strong>modo</strong></span> <span class='ocrx_word' id='word_1_129' title='bbox 2231 2134 2490 2202; x_wconf 80' lang='lat' dir='ltr'><strong>fabulas</strong></span> <span class='ocrx_word' id='word_1_130' title='bbox 2542 2132 2689 2197; x_wconf 92' lang='lat' dir='ltr'><strong>illas</strong></span> <span class='ocrx_word' id='word_1_131' title='bbox 2752 2153 2794 2197; x_wconf 91' lang='lat' dir='ltr'><strong>a</strong></span> 
     </span>
     <span class='ocr_line' id='line_1_17' title="bbox 550 2241 2792 2326; baseline -0.001 -18"><span class='ocrx_word' id='word_1_132' title='bbox 550 2242 815 2308; x_wconf 84' lang='lat' dir='ltr'><strong>Graecis</strong></span> <span class='ocrx_word' id='word_1_133' title='bbox 861 2244 1200 2309; x_wconf 89' lang='lat' dir='ltr'><strong>institutas</strong></span> <span class='ocrx_word' id='word_1_134' title='bbox 1245 2242 1443 2308; x_wconf 89' lang='lat' dir='ltr'><strong>fuisse</strong></span> <span class='ocrx_word' id='word_1_135' title='bbox 1487 2244 1834 2311; x_wconf 85' lang='lat' dir='ltr'><strong>verisimile</strong></span> <span class='ocrx_word' id='word_1_136' title='bbox 1880 2251 2002 2310; x_wconf 68' lang='lat' dir='ltr'><strong>est.</strong></span> <span class='ocrx_word' id='word_1_137' title='bbox 2085 2245 2242 2323; x_wconf 83' lang='lat' dir='ltr'><strong>Quis</strong></span> <span class='ocrx_word' id='word_1_138' title='bbox 2287 2251 2509 2312; x_wconf 87' lang='lat' dir='ltr'><strong>autem</strong></span> <span class='ocrx_word' id='word_1_139' title='bbox 2552 2241 2792 2326; x_wconf 83' lang='lat' dir='ltr'><strong>credat,</strong></span> 
     </span>
     <span class='ocr_line' id='line_1_18' title="bbox 549 2352 2790 2438; baseline -0.001 -21"><span class='ocrx_word' id='word_1_140' title='bbox 549 2352 853 2437; x_wconf 85' lang='lat' dir='ltr'><strong>Graecos,</strong></span> <span class='ocrx_word' id='word_1_141' title='bbox 898 2375 1045 2432; x_wconf 86' lang='lat' dir='ltr'><strong>cum</strong></span> <span class='ocrx_word' id='word_1_142' title='bbox 1088 2356 1398 2438; x_wconf 84' lang='lat' dir='ltr'><strong>quinque,</strong></span> <span class='ocrx_word' id='word_1_143' title='bbox 1442 2359 1519 2419; x_wconf 91' lang='lat' dir='ltr'><strong>ut</strong></span> <span class='ocrx_word' id='word_1_144' title='bbox 1561 2354 1878 2420; x_wconf 81' lang='lat' dir='ltr'><strong>Steffenus</strong></span> <span class='ocrx_word' id='word_1_145' title='bbox 1924 2356 2286 2421; x_wconf 84' lang='lat' dir='ltr'><strong>ostendisse</strong></span> <span class='ocrx_word' id='word_1_146' title='bbox 2329 2354 2491 2424; x_wconf 88' lang='lat' dir='ltr'><strong>mihi</strong></span> <span class='ocrx_word' id='word_1_147' title='bbox 2518 2352 2790 2434; x_wconf 86' lang='lat' dir='ltr'><strong>videtur,</strong></span> 
     </span>
     <span class='ocr_line' id='line_1_19' title="bbox 548 2461 2789 2549; baseline -0.002 -21"><span class='ocrx_word' id='word_1_148' title='bbox 548 2464 879 2529; x_wconf 80' lang='lat' dir='ltr'><strong>actoribus</strong></span> <span class='ocrx_word' id='word_1_149' title='bbox 923 2466 1018 2530; x_wconf 89' lang='lat' dir='ltr'><strong>uti</strong></span> <span class='ocrx_word' id='word_1_150' title='bbox 1061 2468 1346 2549; x_wconf 87' lang='lat' dir='ltr'><strong>possent,</strong></span> <span class='ocrx_word' id='word_1_151' title='bbox 1392 2465 1560 2529; x_wconf 87' lang='lat' dir='ltr'><strong>inter</strong></span> <span class='ocrx_word' id='word_1_152' title='bbox 1603 2470 1736 2532; x_wconf 85' lang='lat' dir='ltr'><strong>tres</strong></span> <span class='ocrx_word' id='word_1_153' title='bbox 1766 2466 1867 2530; x_wconf 84' lang='lat' dir='ltr'><strong>vel</strong></span> <span class='ocrx_word' id='word_1_154' title='bbox 1912 2472 2196 2549; x_wconf 87' lang='lat' dir='ltr'><strong>quatuor</strong></span> <span class='ocrx_word' id='word_1_155' title='bbox 2227 2484 2539 2548; x_wconf 86' lang='lat' dir='ltr'><strong>personas</strong></span> <span class='ocrx_word' id='word_1_156' title='bbox 2573 2461 2789 2526; x_wconf 89' lang='lat' dir='ltr'><strong>distri-</strong></span> 
     </span>
     <span class='ocr_line' id='line_1_20' title="bbox 545 2572 1330 2645; baseline 0.009 -7"><span class='ocrx_word' id='word_1_157' title='bbox 545 2572 809 2640; x_wconf 77' lang='lat' dir='ltr'><strong>buisse?</strong></span> <span class='ocrx_word' id='word_1_158' title='bbox 1321 2637 1330 2645; x_wconf 92' lang='lat'><strong>.</strong></span> 
     </span>
    </p>

    <p class='ocr_par' dir='ltr' id='par_1_7' title="bbox 719 2685 2790 2770">
     <span class='ocr_line' id='line_1_21' title="bbox 719 2685 2790 2770; baseline -0.002 -18"><span class='ocrx_word' id='word_1_159' title='bbox 719 2687 846 2752; x_wconf 83' lang='lat' dir='ltr'><strong>Sed</strong></span> <span class='ocrx_word' id='word_1_160' title='bbox 903 2685 1233 2752; x_wconf 85' lang='lat' dir='ltr'><strong>videamus</strong></span> <span class='ocrx_word' id='word_1_161' title='bbox 1249 2736 1268 2770; x_wconf 94' lang='lat'><strong>,</strong></span> <span class='ocrx_word' id='word_1_162' title='bbox 1333 2709 1487 2751; x_wconf 92' lang='lat' dir='ltr'><strong>num</strong></span> <span class='ocrx_word' id='word_1_163' title='bbox 1548 2687 1664 2753; x_wconf 87' lang='lat' dir='ltr'><strong>illa</strong></span> <span class='ocrx_word' id='word_1_164' title='bbox 1719 2687 2002 2753; x_wconf 85' lang='lat' dir='ltr'><strong>varietas</strong></span> <span class='ocrx_word' id='word_1_165' title='bbox 2060 2688 2132 2752; x_wconf 91' lang='lat' dir='ltr'><strong>in</strong></span> <span class='ocrx_word' id='word_1_166' title='bbox 2185 2708 2452 2754; x_wconf 87' lang='lat' dir='ltr'><strong>numero</strong></span> <span class='ocrx_word' id='word_1_167' title='bbox 2496 2690 2790 2749; x_wconf 90' lang='lat' dir='ltr'><strong>actorum</strong></span> 
     </span>
    </p>
   </div>
   <div class='ocr_carea' id='block_1_7' title="bbox 547 2792 2882 2882">
    <p class='ocr_par' dir='ltr' id='par_1_8' title="bbox 547 2792 2882 2882">
     <span class='ocr_line' id='line_1_22' title="bbox 547 2792 2882 2882; baseline -0 -23"><span class='ocrx_word' id='word_1_168' title='bbox 547 2792 770 2879; x_wconf 89' lang='lat' dir='ltr'><strong>aliqua</strong></span> <span class='ocrx_word' id='word_1_169' title='bbox 815 2817 1012 2860; x_wconf 87' lang='lat' dir='ltr'><strong>causa</strong></span> <span class='ocrx_word' id='word_1_170' title='bbox 1054 2795 1302 2861; x_wconf 90' lang='lat' dir='ltr'><strong>firmari</strong></span> <span class='ocrx_word' id='word_1_171' title='bbox 1343 2798 1446 2861; x_wconf 85' lang='lat' dir='ltr'><strong>vel</strong></span> <span class='ocrx_word' id='word_1_172' title='bbox 1491 2800 1788 2863; x_wconf 86' lang='lat' dir='ltr'><strong>excusari</strong></span> <span class='ocrx_word' id='word_1_173' title='bbox 1828 2798 2056 2882; x_wconf 89' lang='lat' dir='ltr'><strong>possit.</strong></span> <span class='ocrx_word' id='word_1_174' title='bbox 2114 2798 2468 2863; x_wconf 89' lang='lat' dir='ltr'><strong>Numerum</strong></span> <span class='ocrx_word' id='word_1_175' title='bbox 2497 2802 2787 2860; x_wconf 85' lang='lat' dir='ltr'><strong>actorum</strong></span> <span class='ocrx_word' id='word_1_176' title='bbox 2875 2838 2882 2845; x_wconf 66' lang='grc'><em>·</em></span> 
     </span>
    </p>
   </div>
   <div class='ocr_carea' id='block_1_8' title="bbox 542 2906 2797 4101">
    <p class='ocr_par' dir='ltr' id='par_1_9' title="bbox 542 2906 2797 4101">
     <span class='ocr_line' id='line_1_23' title="bbox 544 2906 2781 2992; baseline -0.001 -23"><span class='ocrx_word' id='word_1_177' title='bbox 544 2906 720 2988; x_wconf 89' lang='lat' dir='ltr'><strong>apud</strong></span> <span class='ocrx_word' id='word_1_178' title='bbox 760 2906 1087 2970; x_wconf 89' lang='lat' dir='ltr'><strong>Romanos</strong></span> <span class='ocrx_word' id='word_1_179' title='bbox 1145 2927 1277 2971; x_wconf 88' lang='lat' dir='ltr'><strong>non</strong></span> <span class='ocrx_word' id='word_1_180' title='bbox 1335 2911 1471 2971; x_wconf 90' lang='lat' dir='ltr'><strong>tam</strong></span> <span class='ocrx_word' id='word_1_181' title='bbox 1514 2909 1709 2973; x_wconf 89' lang='lat' dir='ltr'><strong>certis</strong></span> <span class='ocrx_word' id='word_1_182' title='bbox 1763 2908 1999 2974; x_wconf 89' lang='lat' dir='ltr'><strong>finibus</strong></span> <span class='ocrx_word' id='word_1_183' title='bbox 2045 2930 2242 2992; x_wconf 88' lang='lat' dir='ltr'><strong>quam</strong></span> <span class='ocrx_word' id='word_1_184' title='bbox 2285 2908 2464 2991; x_wconf 89' lang='lat' dir='ltr'><strong>apud</strong></span> <span class='ocrx_word' id='word_1_185' title='bbox 2509 2907 2781 2984; x_wconf 85' lang='lat' dir='ltr'><strong>Graecos</strong></span> 
     </span>
     <span class='ocr_line' id='line_1_24' title="bbox 546 3015 2785 3105; baseline -0.001 -25"><span class='ocrx_word' id='word_1_186' title='bbox 546 3015 883 3102; x_wconf 88' lang='lat' dir='ltr'><strong>definitum</strong></span> <span class='ocrx_word' id='word_1_187' title='bbox 942 3016 1174 3100; x_wconf 86' lang='lat' dir='ltr'><strong>fuisse,</strong></span> <span class='ocrx_word' id='word_1_188' title='bbox 1233 3023 1407 3081; x_wconf 90' lang='lat' dir='ltr'><strong>certe</strong></span> <span class='ocrx_word' id='word_1_189' title='bbox 1465 3040 1596 3083; x_wconf 92' lang='lat' dir='ltr'><strong>non</strong></span> <span class='ocrx_word' id='word_1_190' title='bbox 1658 3039 1797 3083; x_wconf 89' lang='lat' dir='ltr'><strong>esse</strong></span> <span class='ocrx_word' id='word_1_191' title='bbox 1857 3018 2189 3105; x_wconf 84' lang='lat' dir='ltr'><strong>debuisse,</strong></span> <span class='ocrx_word' id='word_1_192' title='bbox 2249 3018 2514 3083; x_wconf 87' lang='lat' dir='ltr'><strong>concedi</strong></span> <span class='ocrx_word' id='word_1_193' title='bbox 2559 3019 2785 3101; x_wconf 88' lang='lat' dir='ltr'><strong>potest.</strong></span> 
     </span>
     <span class='ocr_line' id='line_1_25' title="bbox 543 3126 2789 3212; baseline -0 -21"><span class='ocrx_word' id='word_1_194' title='bbox 543 3127 739 3212; x_wconf 88' lang='lat' dir='ltr'><strong>Apud</strong></span> <span class='ocrx_word' id='word_1_195' title='bbox 781 3127 1104 3206; x_wconf 90' lang='lat' dir='ltr'><strong>Romanos</strong></span> <span class='ocrx_word' id='word_1_196' title='bbox 1163 3128 1335 3193; x_wconf 91' lang='lat' dir='ltr'><strong>enim</strong></span> <span class='ocrx_word' id='word_1_197' title='bbox 1388 3128 1528 3193; x_wconf 89' lang='lat' dir='ltr'><strong>ludi</strong></span> <span class='ocrx_word' id='word_1_198' title='bbox 1586 3128 1867 3196; x_wconf 89' lang='lat' dir='ltr'><strong>scaenici</strong></span> <span class='ocrx_word' id='word_1_199' title='bbox 1919 3152 2052 3197; x_wconf 92' lang='lat' dir='ltr'><strong>non</strong></span> <span class='ocrx_word' id='word_1_200' title='bbox 2095 3136 2232 3196; x_wconf 90' lang='lat' dir='ltr'><strong>tam</strong></span> <span class='ocrx_word' id='word_1_201' title='bbox 2276 3135 2444 3194; x_wconf 85' lang='lat' dir='ltr'><strong>arcte</strong></span> <span class='ocrx_word' id='word_1_202' title='bbox 2489 3126 2789 3193; x_wconf 90' lang='lat' dir='ltr'><strong>cohaere-</strong></span> 
     </span>
     <span class='ocr_line' id='line_1_26' title="bbox 544 3237 2790 3326; baseline -0.001 -23"><span class='ocrx_word' id='word_1_203' title='bbox 544 3237 707 3303; x_wconf 90' lang='lat' dir='ltr'><strong>bant</strong></span> <span class='ocrx_word' id='word_1_204' title='bbox 751 3260 899 3303; x_wconf 91' lang='lat' dir='ltr'><strong>cum</strong></span> <span class='ocrx_word' id='word_1_205' title='bbox 940 3239 1262 3304; x_wconf 86' lang='lat' dir='ltr'><strong>institutis</strong></span> <span class='ocrx_word' id='word_1_206' title='bbox 1310 3244 1377 3303; x_wconf 90' lang='lat' dir='ltr'><strong>et</strong></span> <span class='ocrx_word' id='word_1_207' title='bbox 1418 3240 1672 3324; x_wconf 84' lang='lat' dir='ltr'><strong>legibus</strong></span> <span class='ocrx_word' id='word_1_208' title='bbox 1717 3241 1810 3306; x_wconf 89' lang='lat' dir='ltr'><strong>rei</strong></span> <span class='ocrx_word' id='word_1_209' title='bbox 1837 3240 2168 3326; x_wconf 89' lang='lat' dir='ltr'><strong>publicae;</strong></span> <span class='ocrx_word' id='word_1_210' title='bbox 2212 3261 2364 3308; x_wconf 90' lang='lat' dir='ltr'><strong>nam</strong></span> <span class='ocrx_word' id='word_1_211' title='bbox 2395 3257 2790 3322; x_wconf 87' lang='lat' dir='ltr'><strong>quamquam</strong></span> 
     </span>
     <span class='ocr_line' id='line_1_27' title="bbox 548 3347 2788 3436; baseline -0 -24"><span class='ocrx_word' id='word_1_212' title='bbox 548 3347 791 3431; x_wconf 91' lang='lat' dir='ltr'><strong>publici</strong></span> <span class='ocrx_word' id='word_1_213' title='bbox 836 3355 1059 3435; x_wconf 85' lang='lat' dir='ltr'><strong>erant,</strong></span> <span class='ocrx_word' id='word_1_214' title='bbox 1105 3355 1359 3429; x_wconf 89' lang='lat' dir='ltr'><strong>tamen,</strong></span> <span class='ocrx_word' id='word_1_215' title='bbox 1403 3357 1597 3433; x_wconf 81' lang='lat' dir='ltr'><strong>quae&#39;</strong></span> <span class='ocrx_word' id='word_1_216' title='bbox 1621 3350 1706 3415; x_wconf 92' lang='lat' dir='ltr'><strong>ad</strong></span> <span class='ocrx_word' id='word_1_217' title='bbox 1752 3373 1860 3416; x_wconf 89' lang='lat' dir='ltr'><strong>eos</strong></span> <span class='ocrx_word' id='word_1_218' title='bbox 1906 3350 2295 3436; x_wconf 87' lang='lat' dir='ltr'><strong>spectabant</strong></span> <span class='ocrx_word' id='word_1_219' title='bbox 2338 3348 2788 3415; x_wconf 86' lang='lat' dir='ltr'><strong>institutiones</strong></span> 
     </span>
     <span class='ocr_line' id='line_1_28' title="bbox 544 3459 2792 3545; baseline 0 -24"><span class='ocrx_word' id='word_1_220' title='bbox 544 3459 749 3541; x_wconf 85' lang='lat' dir='ltr'><strong>magis</strong></span> <span class='ocrx_word' id='word_1_221' title='bbox 808 3459 878 3522; x_wconf 93' lang='lat' dir='ltr'><strong>in</strong></span> <span class='ocrx_word' id='word_1_222' title='bbox 936 3466 1266 3542; x_wconf 86' lang='lat' dir='ltr'><strong>potestate</strong></span> <span class='ocrx_word' id='word_1_223' title='bbox 1312 3466 1378 3524; x_wconf 90' lang='lat' dir='ltr'><strong>et</strong></span> <span class='ocrx_word' id='word_1_224' title='bbox 1420 3461 1691 3526; x_wconf 87' lang='lat' dir='ltr'><strong>arbitrio</strong></span> <span class='ocrx_word' id='word_1_225' title='bbox 1758 3462 2158 3545; x_wconf 86' lang='lat' dir='ltr'><strong>singulorum</strong></span> <span class='ocrx_word' id='word_1_226' title='bbox 2203 3459 2536 3526; x_wconf 87' lang='lat' dir='ltr'><strong>hominum</strong></span> <span class='ocrx_word' id='word_1_227' title='bbox 2582 3463 2792 3539; x_wconf 91' lang='lat' dir='ltr'><strong>erant,</strong></span> 
     </span>
     <span class='ocr_line' id='line_1_29' title="bbox 544 3566 2795 3655; baseline 0 -23"><span class='ocrx_word' id='word_1_228' title='bbox 544 3588 778 3653; x_wconf 91' lang='lat' dir='ltr'><strong>nempe</strong></span> <span class='ocrx_word' id='word_1_229' title='bbox 822 3590 1062 3655; x_wconf 89' lang='lat' dir='ltr'><strong>eorum,</strong></span> <span class='ocrx_word' id='word_1_230' title='bbox 1111 3570 1225 3653; x_wconf 90' lang='lat' dir='ltr'><strong>qui</strong></span> <span class='ocrx_word' id='word_1_231' title='bbox 1268 3569 1456 3635; x_wconf 91' lang='lat' dir='ltr'><strong>ludos</strong></span> <span class='ocrx_word' id='word_1_232' title='bbox 1489 3570 1838 3654; x_wconf 90' lang='lat' dir='ltr'><strong>faciebant,</strong></span> <span class='ocrx_word' id='word_1_233' title='bbox 1884 3592 2080 3653; x_wconf 90' lang='lat' dir='ltr'><strong>quam</strong></span> <span class='ocrx_word' id='word_1_234' title='bbox 2122 3575 2197 3636; x_wconf 88' lang='lat' dir='ltr'><strong>ut</strong></span> <span class='ocrx_word' id='word_1_235' title='bbox 2226 3570 2509 3638; x_wconf 86' lang='lat' dir='ltr'><strong>civitatis</strong></span> <span class='ocrx_word' id='word_1_236' title='bbox 2541 3566 2795 3654; x_wconf 84' lang='lat' dir='ltr'><strong>legibus</strong></span> 
     </span>
     <span class='ocr_line' id='line_1_30' title="bbox 546 3679 2797 3767; baseline -0 -24"><span class='ocrx_word' id='word_1_237' title='bbox 546 3679 1166 3764; x_wconf 87' lang='lat' dir='ltr'><strong>praescriberentur.</strong></span> <span class='ocrx_word' id='word_1_238' title='bbox 1256 3680 1398 3745; x_wconf 94' lang='lat' dir='ltr'><strong>Huc</strong></span> <span class='ocrx_word' id='word_1_239' title='bbox 1442 3680 1714 3764; x_wconf 89' lang='lat' dir='ltr'><strong>accedit,</strong></span> <span class='ocrx_word' id='word_1_240' title='bbox 1761 3682 1956 3765; x_wconf 91' lang='lat' dir='ltr'><strong>quod,</strong></span> <span class='ocrx_word' id='word_1_241' title='bbox 2002 3702 2147 3746; x_wconf 92' lang='lat' dir='ltr'><strong>cum</strong></span> <span class='ocrx_word' id='word_1_242' title='bbox 2191 3681 2368 3767; x_wconf 91' lang='lat' dir='ltr'><strong>apud</strong></span> <span class='ocrx_word' id='word_1_243' title='bbox 2398 3679 2683 3748; x_wconf 83' lang='lat' dir='ltr'><strong>Graecos</strong></span> <span class='ocrx_word' id='word_1_244' title='bbox 2726 3679 2797 3743; x_wconf 92' lang='lat' dir='ltr'><strong>in</strong></span> 
     </span>
     <span class='ocr_line' id='line_1_31' title="bbox 542 3789 2797 3876; baseline 0 -23"><span class='ocrx_word' id='word_1_245' title='bbox 542 3789 780 3855; x_wconf 87' lang='lat' dir='ltr'><strong>fabulis</strong></span> <span class='ocrx_word' id='word_1_246' title='bbox 837 3789 1106 3874; x_wconf 86' lang='lat' dir='ltr'><strong>agendis</strong></span> <span class='ocrx_word' id='word_1_247' title='bbox 1165 3811 1298 3855; x_wconf 90' lang='lat' dir='ltr'><strong>non</strong></span> <span class='ocrx_word' id='word_1_248' title='bbox 1357 3789 1567 3856; x_wconf 90' lang='lat' dir='ltr'><strong>solum</strong></span> <span class='ocrx_word' id='word_1_249' title='bbox 1622 3794 1960 3876; x_wconf 69' lang='lat' dir='ltr'><strong>poetarum</strong></span> <span class='ocrx_word' id='word_1_250' title='bbox 2012 3792 2127 3858; x_wconf 90' lang='lat' dir='ltr'><strong>sed</strong></span> <span class='ocrx_word' id='word_1_251' title='bbox 2171 3797 2460 3858; x_wconf 90' lang='lat' dir='ltr'><strong>totarum</strong></span> <span class='ocrx_word' id='word_1_252' title='bbox 2503 3789 2797 3876; x_wconf 86' lang='lat' dir='ltr'><strong>gentium</strong></span> 
     </span>
     <span class='ocr_line' id='line_1_32' title="bbox 543 3900 2794 3988; baseline 0 -25"><span class='ocrx_word' id='word_1_253' title='bbox 543 3900 749 3967; x_wconf 88' lang='lat' dir='ltr'><strong>honor</strong></span> <span class='ocrx_word' id='word_1_254' title='bbox 791 3902 1042 3984; x_wconf 90' lang='lat' dir='ltr'><strong>positus</strong></span> <span class='ocrx_word' id='word_1_255' title='bbox 1089 3907 1293 3988; x_wconf 90' lang='lat' dir='ltr'><strong>esset,</strong></span> <span class='ocrx_word' id='word_1_256' title='bbox 1351 3902 1440 3969; x_wconf 90' lang='lat' dir='ltr'><strong>ad</strong></span> <span class='ocrx_word' id='word_1_257' title='bbox 1489 3901 1652 3967; x_wconf 86' lang='lat' dir='ltr'><strong>haec</strong></span> <span class='ocrx_word' id='word_1_258' title='bbox 1696 3905 2048 3969; x_wconf 89' lang='lat' dir='ltr'><strong>certamina</strong></span> <span class='ocrx_word' id='word_1_259' title='bbox 2092 3904 2283 3969; x_wconf 90' lang='lat' dir='ltr'><strong>etiam</strong></span> <span class='ocrx_word' id='word_1_260' title='bbox 2334 3904 2500 3968; x_wconf 86' lang='lat' dir='ltr'><strong>vires</strong></span> <span class='ocrx_word' id='word_1_261' title='bbox 2545 3920 2794 3985; x_wconf 88' lang='lat' dir='ltr'><strong>aequae</strong></span> 
     </span>
     <span class='ocr_line' id='line_1_33' title="bbox 543 4012 2794 4101; baseline 0 -26"><span class='ocrx_word' id='word_1_262' title='bbox 543 4016 609 4076; x_wconf 87' lang='lat' dir='ltr'><strong>et</strong></span> <span class='ocrx_word' id='word_1_263' title='bbox 652 4031 843 4094; x_wconf 91' lang='lat' dir='ltr'><strong>pares</strong></span> <span class='ocrx_word' id='word_1_264' title='bbox 885 4032 1024 4078; x_wconf 90' lang='lat' dir='ltr'><strong>esse</strong></span> <span class='ocrx_word' id='word_1_265' title='bbox 1078 4012 1436 4098; x_wconf 87' lang='lat' dir='ltr'><strong>debebant,</strong></span> <span class='ocrx_word' id='word_1_266' title='bbox 1497 4013 1587 4079; x_wconf 90' lang='lat' dir='ltr'><strong>ita</strong></span> <span class='ocrx_word' id='word_1_267' title='bbox 1644 4021 1714 4081; x_wconf 91' lang='lat' dir='ltr'><strong>ut</strong></span> <span class='ocrx_word' id='word_1_268' title='bbox 1772 4016 1971 4080; x_wconf 89' lang='lat' dir='ltr'><strong>etiam</strong></span> <span class='ocrx_word' id='word_1_269' title='bbox 2014 4014 2108 4101; x_wconf 11' lang='lat' dir='ltr'><strong>*de</strong></span> <span class='ocrx_word' id='word_1_270' title='bbox 2167 4034 2438 4079; x_wconf 89' lang='lat' dir='ltr'><strong>numero</strong></span> <span class='ocrx_word' id='word_1_271' title='bbox 2496 4016 2794 4079; x_wconf 86' lang='lat' dir='ltr'><strong>actorum</strong></span> 
     </span>
    </p>
   </div>
   <div class='ocr_carea' id='block_1_9' title="bbox 551 4166 960 4177">
    <p class='ocr_par' dir='ltr' id='par_1_10' title="bbox 551 4166 960 4177">
     <span class='ocr_line' id='line_1_34' title="bbox 551 4166 960 4177; baseline 0 0"><span class='ocrx_word' id='word_1_272' title='bbox 551 4166 960 4177; x_wconf 95' lang='lat' dir='ltr'><strong> </strong></span> 
     </span>
    </p>
   </div>
   <div class='ocr_carea' id='block_1_10' title="bbox 677 4248 1504 4321">
    <p class='ocr_par' dir='ltr' id='par_1_11' title="bbox 677 4248 1504 4321">
     <span class='ocr_line' id='line_1_35' title="bbox 677 4248 1504 4321; baseline 0.008 -21"><span class='ocrx_word' id='word_1_273' title='bbox 677 4249 727 4316; x_wconf 58' lang='grc' dir='ltr'>ἢ</span> <span class='ocrx_word' id='word_1_274' title='bbox 763 4250 803 4305; x_wconf 86' lang='grc'><strong>1.</strong></span> <span class='ocrx_word' id='word_1_275' title='bbox 840 4266 882 4303; x_wconf 86' lang='lat' dir='ltr'><strong>s.</strong></span> <span class='ocrx_word' id='word_1_276' title='bbox 923 4267 965 4303; x_wconf 81' lang='lat' dir='ltr'><strong>s.</strong></span> <span class='ocrx_word' id='word_1_277' title='bbox 1006 4265 1060 4321; x_wconf 89' lang='lat' dir='ltr'><strong>p.</strong></span> <span class='ocrx_word' id='word_1_278' title='bbox 1102 4250 1202 4303; x_wconf 87' lang='lat'><strong>144</strong></span> <span class='ocrx_word' id='word_1_279' title='bbox 1233 4248 1288 4303; x_wconf 85' lang='lat' dir='ltr'><strong>in</strong></span> <span class='ocrx_word' id='word_1_280' title='bbox 1324 4256 1504 4308; x_wconf 82' lang='lat' dir='ltr'><strong>annot.</strong></span> 
     </span>
    </p>
   </div>
   <div class='ocr_carea' id='block_1_11' title="bbox 3144 1046 3147 1621">
    <p class='ocr_par' dir='ltr' id='par_1_12' title="bbox 3144 1046 3147 1621">
     <span class='ocr_line' id='line_1_36' title="bbox 3144 1046 3147 1621; baseline 0 0"><span class='ocrx_word' id='word_1_281' title='bbox 3144 1046 3147 1621; x_wconf 95' lang='lat' dir='ltr'><strong> </strong></span> 
     </span>
    </p>
   </div>
  </div>
 </body>
</html>
